1820 3094
745 116 830 142 Lm.
860 115 894 142 11
923 113 958 147 8,
981 113 1086 140 23-46
1604 96 1685 138 183

258 234 296 268 et
327 228 471 268 calices
500 229 631 281 poscit
661 228 843 267 maiores.
907 231 1070 267 uertere
1101 225 1230 279 pallor
1641 230 1684 261 35

257 308 340 343 tum
371 302 538 355 parochi
569 303 712 343 faciem
744 301 799 341 nil
830 287 1133 342 sicmetuentis
1163 305 1207 340 ut
1236 302 1341 341 acris

256 384 437 430 potores,
471 376 536 416 uel
568 376 674 428 quod
706 375 811 416 male
843 375 982 415 dicunt
1010 374 1178 415 liberius
1207 374 1272 414 uel

256 451 413 492 feruida
446 450 552 503 quod
586 449 731 502 suptile
763 448 958 489 exurdant
988 450 1080 489 uina
1113 448 1301 501 palatum.

255 527 463 566 inuertunt
491 523 671 564 Allifanis
703 523 856 564 uinaria
887 527 967 562 tota

255 599 435 640 Vibidius
465 597 723 649 Balatroque,
755 597 904 636 secutis
934 595 1138 642 omnibus;
1170 597 1240 636 imi
1639 603 1684 634 40

256 674 451 714 conuiuae
481 672 574 712 lecti
605 671 772 712 nihilum
804 682 981 711 nocuere
1011 670 1230 722 lagoenis'.

255 747 458 796 {adfertur
490 745 654 798 squillas
683 747 789 786 inter
820 757 988 785 murena
1019 746 1190 786 natantis

254 823 296 863 in
326 822 459 875 patina
491 826 690 874 porrecta.
750 819 825 860 sub
855 819 932 859 hoc
964 832 1059 860 erus
1089 818 1230 859 “haec
1260 818 1468 871 grauida''
1500 820 1631 871 inquit

257 897 412 948 “capta
445 900 523 942 est,
556 894 734 934 deterior
763 899 853 947 post
882 898 1039 947 partum
1071 906 1191 934 carne
1222 894 1367 934 futura.

257 971 319 1011 his
349 971 516 1010 mixtum
546 970 607 1009 ius
640 973 715 1009 est:
749 968 859 1014 oleo,
892 968 996 1019 quod
1028 969 1156 1021 prima
1189 969 1352 1008 Venafri
1638 974 1683 1006 45

257 1045 405 1098 pressit
435 1043 555 1090 cella;
587 1055 684 1096 garo
715 1043 765 1083 de
796 1044 901 1084 sucis
931 1044 1052 1096 piscis
1081 1042 1243 1088 Hiberi;
1292 1062 1297 1068 ·

140 1198 216 1226 'ms
221 1196 413 1225 TIMONIA.

139 1264 312 1305 ueniant,
339 1260 508 1295 sordidus
533 1259 706 1303 displicet
723 1264 946 1303 apparatus,
974 1259 1102 1293 domus
1118 1260 1364 1302 incomposita
1380 1259 1539 1293 susurris
1562 1261 1684 1292 incru-

141 1312 280 1349 statur,
315 1311 353 1341 et
379 1306 541 1340 auaritia
565 1305 666 1338 illius
674 1331 685 1347 ,
716 1306 778 1348 qui
808 1306 983 1339 tricliniis
1009 1310 1178 1348 praeest,
1212 1306 1449 1339 conuiuarum
1480 1306 1683 1338 irrisoriam

141 1357 319 1398 prouocat
343 1353 483 1396 gulam,
515 1355 557 1384 ut
582 1362 691 1394 quum
716 1351 879 1384 Alifanis
903 1352 1052 1384 uinaria
1078 1355 1159 1384 tota
1185 1352 1426 1393 inuerterint,
1458 1352 1683 1384 submurmu-

141 1404 224 1434 rent
254 1400 413 1433 inuicem
447 1397 537 1430 illud
568 1397 736 1431 Horatii:
768 1408 854 1439 nos,
885 1398 959 1430 nisi
991 1397 1167 1430 damnose
1194 1398 1372 1437 bibimus,
1406 1398 1604 1430 moriemur
1628 1399 1683 1430 in-

139 1446 232 1479 ulti’
257 1447 368 1488 Verg.
394 1445 485 1477 Aen.
510 1443 547 1476 11
573 1444 657 1477 670:
697 1446 915 1486 ‘numquam
948 1454 1072 1476 omnes
1098 1443 1208 1476 hodie
1233 1443 1475 1476 moriemur
1499 1443 1659 1476 inulti’

220 1494 264 1526 39
290 1492 504 1524 ‘inuertunt
528 1489 690 1522 Alifanis
714 1489 883 1522 uinaria’
909 1488 1066 1531 glossar.
1091 1490 1168 1522 Mai
1195 1486 1321 1532 [class.
1347 1492 1443 1524 auct.
1464 1489 1557 1523 VIII
1572 1487 1635 1533 44]

139 1619 268 1648 VARIA
296 1618 465 1646 LEGTIO.

115 1704 117 1706 -
139 1684 338 1720 moriemur
366 1693 390 1731 γ
418 1681 447 1718 C
464 1682 503 1718 F
520 1671 589 1716 λέ
613 1676 653 1724 ς’
683 1680 823 1717 Ioann.
848 1680 1052 1717 Saresber.
1085 1680 1283 1717 moriamur
1303 1681 1342 1717 Ε
1358 1687 1394 1728 ψ
1414 1691 1431 1718 2
1452 1681 1489 1729 (σ
1509 1679 1539 1729 2)
1559 1692 1586 1728 y
1618 1678 1690 1717 ‘m

139 1741 240 1774 ferro
273 1739 468 1773 moriamur
498 1743 536 1772 et
565 1749 639 1771 non
662 1737 894 1771 uindicemur
924 1736 956 1770 si
988 1749 1061 1771 non
1093 1737 1243 1771 multum
1263 1738 1488 1772 biberimus'
1511 1739 1632 1775 schol.
1652 1737 1691 1773 Γ

131 1835 134 1837 ,
255 1796 308 1834 35
339 1796 459 1845 poscit
489 1786 549 1831 52'
569 1790 610 1838 ς’
650 1793 698 1842 (et
729 1806 826 1831 omn.
860 1795 969 1831 codd.
1004 1794 1136 1844 Cruq.)
1175 1799 1337 1840 poscunt
1363 1806 1390 1842 9
1505 1791 1680 1846 maiores]

141 1854 311 1889 meliores
340 1864 367 1900 y
392 1848 639 1903 [Valentian.
672 1863 759 1888 cum
790 1847 895 1901 aliis]
930 1863 1011 1897 opp.
1044 1853 1163 1888 schol.
1196 1864 1219 1901 γ
1309 1852 1362 1890 36
1393 1852 1563 1901 parrochi
1593 1866 1617 1903 γ

142 1932 211 1984 nil]
244 1932 333 1970 nihil
354 1942 390 1980 ψ
411 1945 447 1968 a.
472 1943 554 1968 ras.
577 1942 594 1966 ε
615 1929 643 1979 (Ζ
665 1930 700 1979 ν)
778 1927 848 1981 sic]
881 1932 927 1967 sit
948 1932 987 1968 E
1071 1928 1130 1981 ut]
1164 1910 1198 1969 ξι
1220 1932 1259 1968 Ε
1284 1933 1323 1968 in
1343 1943 1360 1968 ε
1392 1926 1544 1978 ‘taqua’
1565 1934 1682 1981 9loss.

140 2004 165 2042 γ
251 1991 343 2027 acris
364 1991 403 2027 E
419 2002 443 2040 γ
463 1990 501 2026 F
518 1985 558 2024 λ’
581 1988 618 2035 (σ
636 1999 740 2025 corr.
765 2000 789 2024 a
816 1988 850 2035 r)
881 1999 981 2025 acres
1005 1988 1034 2025 0
1056 1999 1073 2024 ε
1095 1984 1136 2032 ς’

368 2093 433 2118 uu.
467 2079 634 2118 37—-83
665 2079 889 2117 DESVNT
913 2082 953 2117 in
985 2090 1022 2121 ες
1052 2074 1191 2117 Sy:
1221 2081 1299 2131 Εγ
1321 2074 1467 2118 CFA‘

259 2149 310 2187 37
342 2144 513 2198 potores]
545 2148 714 2187 ontures
737 2146 766 2183 0
856 2147 947 2184 male
978 2147 1103 2185 dicunt
1123 2144 1185 2185 9!
1264 2149 1317 2186 38
1350 2148 1486 2194 suptile
1504 2160 1532 2196 9
1556 2145 1684 2199 [Mon-

146 2202 309 2257 tepess]
435 2204 612 2242 exurdant
643 2198 740 2247 Ω’ς
768 2204 946 2238 exsurdat
973 2217 997 2253 9
1029 2206 1234 2240 exsurdant
1261 2218 1287 2253 y
1409 2205 1462 2243 39
1494 2206 1634 2243 alifanis
1663 2207 1685 2243 λ

143 2266 312 2313 9lossar.
346 2263 431 2299 Mai
458 2262 521 2298 alii
548 2261 640 2298 fanis
667 2262 705 2297 F
723 2271 736 2297 1
766 2258 880 2309 Pple!
912 2261 973 2295 alii
1004 2261 1129 2297 lifanis
1160 2276 1185 2299 ν
1222 2262 1374 2299 allifanis
1406 2268 1494 2300 cett.
1530 2260 1570 2315 ς’

144 2343 200 2381 4ο
231 2342 378 2380 vbidius
410 2341 431 2378 λ
462 2354 545 2388 opp.
576 2341 697 2378 schot.
728 2353 752 2390 γ
872 2341 1036 2379 balathro
1068 2342 1098 2379 C
1116 2354 1147 2389 ῳ
1168 2338 1205 2378 λ’
1234 2342 1286 2391 (ν)
1316 2315 1456 2380 balathro
1478 2352 1513 2390 ψ
1542 2342 1682 2380 baiam-0

145 2402 184 2437 E
199 2414 223 2451 γ
248 2396 288 2445 ς’
377 2400 438 2435 imi
469 2400 507 2435 E
526 2409 539 2435 1
560 2411 584 2448 y
604 2398 643 2445 (v
665 2411 688 2434 a
708 2410 733 2446 9
753 2411 776 2434 r
796 2405 829 2434 et
849 2399 973 2436 Fran.
997 2410 1008 2436 1
1031 2399 1057 2435 4
1079 2399 1238 2448 Bland.)
1269 2400 1389 2460 schol.
1411 2413 1434 2449 γ
1468 2401 1573 2438 Voss.
1604 2402 1683 2437 imis

146 2479 177 2516 C
192 2481 231 2517 F
247 2476 288 2516 λ’
311 2481 350 2516 Ε
367 2490 383 2516 2
404 2479 441 2526 (6
461 2485 495 2514 et
514 2477 540 2529 β
562 2478 686 2515 Fran.
709 2477 740 2525 2)
827 2470 879 2515 41
912 2478 1084 2516 nichilum
1115 2475 1156 2515 λ’
1250 2461 1403 2517 nocuele
1436 2480 1456 2515 λ
1543 2480 1681 2517 laconis

143 2537 181 2574 F
199 2547 212 2574 1
242 2537 406 2586 lagoenis
439 2537 478 2573 Ε
494 2549 518 2585 γ
540 2536 570 2573 C
588 2541 623 2581 ψ
643 2547 660 2571 2
690 2531 741 2583 (a)
772 2535 911 2584 lagenis
943 2549 974 2583 φ
995 2548 1011 2573 2
1033 2533 1126 2584 (β’σ
1145 2539 1159 2574 l
1180 2536 1216 2584 r)
1254 2536 1399 2586 logenis
1431 2537 1452 2573 λ
1482 2537 1628 2585 lagenis
1660 2551 1684 2574 ν

144 2594 314 2639 laguenis
344 2606 368 2643 9
455 2606 493 2631 u.
527 2592 581 2629 42
613 2593 711 2629 omis.
741 2605 766 2640 9
859 2592 914 2629 42
946 2593 1119 2630 Adsertur
1147 2595 1187 2630 E
1207 2595 1236 2631 C
1255 2594 1291 2641 (r
1311 2601 1344 2629 et
1364 2592 1390 2643 β
1414 2594 1440 2641 1)
1471 2594 1630 2630 Affertur
1660 2607 1684 2644 y

108 2698 112 2701 -
142 2674 181 2709 F
206 2669 250 2708 λ’
279 2671 317 2720 (ν
344 2680 368 2707 σ
396 2685 419 2709 α
449 2680 482 2708 et
510 2670 539 2723 β
568 2684 584 2709 2
613 2671 755 2719 Fran.)
864 2654 1000 2722 sqllllas
1030 2679 1066 2720 ψ
1091 2685 1118 2721 y
1150 2674 1273 2708 scillas
1304 2676 1317 2711 l
1346 2685 1358 2710 1
1453 2675 1610 2710 natantis
1640 2672 1683 2710 Ω

145 2726 242 2778 (βά
273 2729 308 2777 r)
336 2741 363 2777 y
388 2725 512 2780 [Lips.
545 2731 676 2767 Paris.
710 2725 841 2779 8214]
873 2735 1039 2768 natantes
1071 2737 1106 2774 ψ
1136 2743 1241 2768 corr.
1273 2732 1312 2777 (ν
1338 2739 1361 2765 σ
1390 2729 1418 2778 ἰ)
1534 2730 1589 2768 43
1621 2742 1685 2780 pa-

144 2787 223 2823 cina
253 2787 292 2823 E
310 2797 324 2823 1
412 2798 496 2823 erus
526 2783 587 2823 52¹
606 2798 629 2830 ς
658 2787 770 2821 herus
800 2799 826 2823 ν
844 2799 871 2835 9
901 2787 1009 2822 heros
1038 2783 1087 2836 β’
1181 2784 1286 2838 haec]
1320 2799 1382 2824 aec
1413 2787 1435 2823 λ
1464 2788 1532 2824 hec
1562 2789 1600 2824 Ε

145 2839 312 2893 grauida]
346 2843 476 2893 gaudia
505 2841 531 2881 λ
562 2857 644 2891 opp.
676 2845 797 2881 schol.
830 2842 870 2878 Γ
957 2845 1084 2894 inquid
1114 2846 1153 2882 E
1172 2844 1202 2880 C
1284 2844 1338 2882 46
1370 2842 1478 2895 cella]
1509 2848 1614 2882 omis.
1647 2847 1687 2883 Ε
