1820 3094
170 136 252 178 184
727 147 885 174 HORATI
917 145 1144 174 summum

281 263 372 300 uino
403 259 672 312 quinquenni,
704 270 844 298 uerum
877 258 976 297 cit-ra
1009 268 1118 297 mare
1147 259 1260 301 nato,

283 335 375 374 (lum
409 333 626 385 quoquitur
659 331 785 383 (cocto
817 330 956 371 Chium
987 331 1044 370 sic
1076 331 1264 370 conuenit
1295 334 1338 369 ut
1366 341 1447 369 non

280 409 355 448 hoc
387 408 511 458 magis
542 405 667 446 ullum
697 405 838 455 aliud);
871 406 1010 457 pipere
1041 403 1150 450 albo,
1182 415 1262 443 non
1295 404 1381 443 sine
1411 407 1524 443 aceto
1576 446 1578 449 ,

282 481 384 532 quod
417 480 731 534 Methymnaeam
761 479 858 519 uitio
890 479 1105 519 mutauerit
1135 489 1268 517 uuam.
1656 482 1701 514 50

286 568 425 595 erucas
456 554 621 599 uiridis,
653 553 784 593 inulas
815 564 889 604 ego
919 553 1071 605 primus
1102 540 1257 591 amaras

285 629 504 669 monstraui
536 629 807 680 inquoquere;
839 626 985 677 inlutos
1016 625 1206 666 Curtillus
1237 625 1420 671 echinos,

281 709 324 744 ut
354 702 493 743 melius
523 703 652 742 muria
683 701 790 755 quod
822 705 922 741 testa
953 701 1104 740 marina
1135 700 1366 739 remittat''.

283 779 435 817 interea
468 789 657 829 suspensa
688 776 823 827 grauis
854 773 988 814 aulaea
1020 775 1158 814 ruinas

281 852 321 892 in
353 852 525 903 patinam
558 850 708 894 fecere,
743 848 939 888 trahentia
971 847 1149 900 pulueris
1179 848 1253 886 atri
1656 852 1699 884 55

282 929 472 977 quantum
507 936 585 963 non
617 922 759 975 Aquilo
791 922 1005 974 Campanis
1037 921 1182 960 excitat
1211 921 1332 971 agris.

282 1011 355 1038 nos
385 999 512 1038 maius
542 997 679 1042 ueriti,
711 1001 921 1049 postquam
955 994 1052 1034 nihil
1084 1007 1173 1034 esse
1203 993 1344 1046 pericii

281 1074 498 1117 sensimus,
532 1071 740 1121 erigimur;
773 1069 899 1110 Rufus
929 1070 1058 1122 posito
1089 1069 1235 1121 capite,
1268 1073 1312 1108 ut
1341 1068 1374 1107 si

166 1253 435 1282 TESTIMONIA.

255 1316 298 1347 47
325 1315 373 1348 cf.
400 1315 544 1348 ecbasis
571 1315 711 1357 captiui
734 1325 769 1350 u.
787 1315 870 1348 731:
898 1313 1168 1356 ‘quinquennis
1192 1311 1270 1344 uini
1294 1311 1377 1344 sitis
1402 1315 1460 1345 est
1480 1311 1575 1344 citra
1599 1322 1698 1347 mare

165 1360 266 1391 nati’
358 1362 403 1393 49
427 1361 545 1394 Prisc.
570 1361 620 1393 VI
645 1362 684 1401 4,
710 1362 754 1393 20
779 1360 866 1400 (dei.
892 1360 966 1399 rh):
1000 1359 1127 1401 ‘piper
1151 1357 1268 1390 allece
1301 1368 1373 1390 non
1399 1358 1479 1390 sine
1504 1360 1635 1391 aceto’
1660 1358 1700 1391 in

166 1416 279 1448 marg.
306 1417 342 1438 r:
373 1407 464 1439 ‘hoc
489 1407 607 1449 magis
632 1406 712 1439 ulla
737 1405 823 1438 mali
847 1408 889 1437 nt
916 1403 1054 1448 [lege:
1086 1403 1199 1436 ullum
1230 1401 1339 1445 aliut]
1372 1403 1479 1446 piper
1508 1403 1595 1436 albo
1626 1413 1700 1438 non

166 1451 245 1483 sine
272 1454 402 1484 aeeto’
511 1452 656 1484 54—56
681 1451 831 1483 Seruius
856 1451 901 1483 ad
926 1448 1019 1483 Aen.
1045 1451 1062 1482 Ι
1087 1450 1152 1482 697
1182 1449 1267 1491 (non
1293 1447 1462 1489 Cassen.)
1577 1449 1621 1481 58
1646 1449 1698 1482 ef.

165 1496 336 1539 Appulei.
362 1498 440 1530 1111
464 1499 526 1536 24,
553 1498 637 1530 290:
679 1497 850 1539 ‘quidni?
883 1506 977 1538 quae
1009 1496 1108 1534 inter
1138 1505 1260 1536 genua
1290 1504 1358 1527 sua
1391 1494 1601 1537 deposito
1627 1505 1699 1527 ca-

164 1542 257 1584 pite
285 1543 364 1574 sine
389 1543 495 1575 modo
521 1542 690 1575 flebat’

167 1704 295 1730 VARIA
324 1704 494 1731 LEOTIO.

278 1773 330 1809 47
366 1773 566 1821 quinqueni
597 1784 620 1821 γ
716 1770 770 1808 48
802 1751 966 1819 quoquit²
988 1768 1008 1804 λ
1027 1781 1053 1817 y
1075 1764 1251 1819 [Regin]
1283 1769 1453 1819 coquitur
1475 1773 1563 1805 cett.
1587 1763 1626 1812 ς’
1658 1766 1659 1769 ’

166 1829 219 1866 50
250 1830 510 1878 methymneam
531 1841 554 1878 γ
577 1827 626 1877 (9)
658 1840 713 1863 me
745 1824 915 1876 thymnefi
938 1827 967 1863 C
995 1822 1211 1862 methimnffli
1242 1826 1280 1861 F
1295 1822 1336 1862 λ’
1358 1825 1397 1872 (ν
1417 1838 1440 1863 α
1463 1838 1485 1862 r
1504 1832 1538 1861 et
1557 1825 1698 1873 Fran.)

166 1885 401 1923 methimnaea
424 1887 461 1922 E
487 1886 712 1920 metimneam
734 1893 758 1919 6
845 1883 1037 1919 motauerit
1059 1883 1098 1919 E
1116 1883 1145 1919 0
1174 1886 1380 1916 mutauerat
1405 1894 1431 1930 y
1461 1883 1583 1919 Aldus
1612 1895 1694 1930 opp.

166 1939 267 1979 cetis
299 1939 339 1986 ς’
370 1942 417 1990 (ει
457 1955 554 1980 omn.
588 1943 696 1979 codd.
731 1940 863 1989 Cruq.)
900 1941 1019 1980 schol,
1051 1952 1075 1988 γ
1197 1938 1247 1976 51
1282 1939 1437 1975 Aerucas
1476 1938 1497 1974 λ
1527 1952 1559 1987 φ
1589 1951 1694 1977 corr.

165 2005 200 2046 ψ
229 2012 352 2047 marg).
383 2000 562 2048 Aeerucas
594 2005 628 2047 ψ
659 1998 790 2035 Erucas
821 1998 859 2034 E
885 1996 915 2032 C
949 1996 1075 2032 Arulas
1113 1997 1174 2033 uel
1214 1997 1346 2031 Arusas
1377 2007 1409 2042 φ
1445 2007 1508 2043 pr.
1541 2001 1584 2034 ut
1620 1997 1698 2033 uid.

166 2055 316 2092 Eruscas
346 2069 370 2105 γ
458 2056 582 2093 uiridis
615 2057 652 2092 E
671 2056 700 2092 C
718 2054 758 2105 (β
769 2048 791 2102 ‘)
812 2067 837 2102 y
860 2049 1126 2104 [Valentiam]
1162 2052 1294 2088 uirides
1318 2065 1342 2101 y
1362 2053 1400 2088 F
1419 2050 1458 2102 (ν
1476 2059 1500 2087 σ
1520 2065 1543 2089 α
1563 2055 1578 2089 ἶ
1606 2052 1697 2087 luri-

165 2136 230 2169 des
260 2135 297 2185 9)
328 2116 449 2172 u¹rides
481 2136 502 2172 λ
609 2134 660 2171 52
692 2135 920 2183 inquoquere
950 2134 987 2169 F
1005 2129 1045 2167 λ’
1061 2144 1087 2179 y
1111 2128 1254 2182 [Fran.
1279 2127 1469 2181 Gronau]
1501 2132 1697 2180 incoquere

168 2194 203 2228 E
221 2206 244 2242 y
268 2193 296 2229 C
318 2206 340 2236 ς
369 2192 547 2234 ‘Quidam
580 2191 634 2225 sic
663 2190 804 2234 legunt.
851 2189 977 2223 Inulas
1010 2195 1046 2223 et
1085 2200 1215 2223 erucas
1246 2187 1388 2235 (erucis
1417 2190 1458 2233 ν)
1494 2187 1695 2222 monstraui

166 2244 365 2295 incoquere
404 2250 553 2295 (inquo:
584 2248 726 2292 Fran.)
765 2246 882 2280 inluto
922 2247 957 2280 in
992 2246 1126 2281 cinere.
1174 2250 1216 2278 ut
1245 2244 1535 2278 sitscurtillius
1575 2246 1694 2289 (scru-

166 2306 292 2340 tillilus
324 2306 470 2350 Fran.)
501 2316 645 2340 nomen.
678 2303 749 2337 Alii
779 2302 917 2336 inlutos
948 2303 1098 2337 echinos
1130 2302 1260 2347 legunt
1290 2327 1298 2335 .
1324 2327 1332 2334 .
1358 2301 1391 2334 .'
1421 2302 1542 2338 schol.
1577 2300 1616 2336 Γ

164 2363 300 2399 inlutos
330 2359 443 2406 52'3'
473 2362 521 2409 (et
552 2362 660 2399 codd.
694 2359 847 2406 Bland.)
886 2359 1012 2394 illutos
1042 2368 1065 2395 6
1094 2359 1230 2393 inlotos
1259 2360 1317 2393 uel
1355 2358 1478 2392 illotos
1508 2370 1535 2405 y
1565 2358 1693 2395 Benll.

278 2417 429 2479 curtiliis
461 2442 493 2495 λβ
512 2440 677 2478 cortillus
710 2440 739 2477 C
824 2438 877 2476 53
909 2439 1007 2487 quod
1038 2435 1098 2475 ,ΩΧ
1118 2433 1156 2482 ς’
1186 2449 1258 2484 quo
1285 2449 1311 2484 y
1336 2426 1399 2487 [V
1423 2443 1456 2472 et
1485 2437 1699 2474 Pulmanm·

166 2501 247 2536 cod.
272 2495 336 2548 H]
369 2510 475 2544 quam
504 2510 530 2545 y
549 2498 679 2534 Bentl.
710 2508 783 2545 que
800 2507 827 2542 y
852 2492 1033 2545 [Reyius]
1058 2494 1187 2529 ‘deest
1216 2493 1317 2528 cum'
1337 2496 1452 2542 gloss.
1474 2505 1498 2543 γ
1532 2494 1638 2531 Voss.

166 2557 304 2592 murina
336 2556 366 2592 C
449 2556 608 2592 remittat
637 2567 661 2603 γ
680 2555 718 2590 F
735 2551 774 2589 λ’
797 2550 886 2603 (β’ν
906 2561 929 2587 σ
957 2563 1156 2600 superscr.
1187 2563 1210 2586 a
1240 2550 1274 2598 r)
1305 2551 1468 2587 remittas
1491 2551 1528 2586 E
1538 2562 1604 2597 pr.
1638 2560 1695 2586 re-

167 2613 275 2648 mittit
307 2614 345 2649 Ε
370 2625 472 2650 corr.
506 2612 535 2649 C
562 2611 599 2659 (6
627 2624 650 2659 9
681 2617 714 2645 et
745 2622 841 2647 omn.
876 2611 984 2646 codd.
1018 2608 1149 2657 Cruq.)
1181 2609 1307 2644 Bentl.
1396 2607 1449 2644 54
1480 2607 1603 2656 grauis
1633 2602 1696 2642 ,52'

166 2667 202 2714 (ν
225 2682 248 2705 α
270 2669 307 2717 9)
334 2681 360 2715 y
386 2666 574 2719 [Gronau.
607 2669 712 2714 Lips.
743 2667 887 2703 Mellic.
918 2666 1052 2714 Reyin.
1087 2676 1099 2702 1
1131 2660 1378 2714 Valentiam]
1412 2659 1524 2710 Pph!
1554 2673 1691 2707 graues

165 2722 243 2772 β’σ
264 2739 285 2761 r
316 2727 476 2763 Seruius
507 2727 605 2773 uoly.
703 2723 824 2760 aulaea
855 2735 877 2772 γ
907 2719 1067 2770 Por-ple!
1100 2722 1260 2759 Seruius
1289 2722 1388 2768 uoly.
1420 2719 1522 2756 aulea
1553 2720 1591 2756 Ε
1609 2718 1639 2754 C
1657 2719 1696 2755 F

166 2801 264 2848 λ’ς’
286 2807 405 2843 schol.
438 2805 475 2840 Γ
564 2804 619 2842 55
651 2804 771 2851 secere
800 2815 823 2852 γ
854 2781 929 2840 sae
961 2803 991 2839 C
1082 2801 1168 2837 atris
1199 2810 1265 2848 φι
1353 2799 1406 2836 56
1437 2777 1546 2847 aq11¹lo
1575 2804 1611 2845 ψ

167 2862 218 2898 57
251 2869 335 2910 post
366 2867 435 2910 qux]
466 2861 562 2909 FU)
649 2860 742 2896 nihit
774 2858 804 2895 C
887 2872 952 2897 uu.
975 2857 1141 2896 59—95
1177 2857 1384 2892 DEFICI'I'
1409 2858 1424 2893 l
