1890 3106
185 144 270 186 232
707 159 864 187 HORATI
895 159 1190 190 EPlSTVLARVM

295 271 399 323 quod
431 278 468 310 te
499 283 570 323 per
601 271 769 311 Genium
801 270 1059 324 dextramque
1091 271 1265 323 deosque
1296 273 1455 314 Penatis

294 344 461 384 obsecro
493 349 531 382 et
561 344 758 391 obtestor,
791 345 898 385 uitae
929 357 992 384 me
1021 345 1144 385 redde
1174 347 1342 398 priori!'
1663 355 1707 387 95

294 418 360 469 qui
389 416 511 456 semel
542 415 755 470 †aspexit,
787 422 976 470 quantum
1009 418 1170 459 dimissa
1199 421 1333 472 petitis

292 495 514 542 praestent,
548 496 698 531 mature
729 491 866 532 redeat
895 497 1128 545 repetatque
1157 493 1307 534 relic-ta.

294 565 423 603 metiri
454 577 496 604 se
528 576 726 619 quemque
757 578 829 605 suo
861 565 1020 606 modulo
1051 579 1096 606 ae
1126 567 1226 619 pede
1259 580 1397 607 uerum
1431 573 1503 610 est.

888 808 995 847 VIII

293 895 406 935 Celso
437 896 609 947 gaudere
641 901 680 936 et
710 895 811 936 bene
842 909 927 935 rem
958 908 1099 948 gerere
1131 896 1377 938 Albinouano

290 970 397 1009 Musa
430 975 565 1021 rogata
596 970 720 1015 refer,
755 971 889 1011 comiti
919 970 1154 1021 scribaeque
1185 971 1367 1013 Neronis.

290 1043 323 1081 si
353 1048 518 1095 quaeret
547 1043 639 1096 quid
670 1055 803 1095 agam,
836 1043 899 1082 dic
930 1043 1051 1083 multa
1083 1050 1122 1083 et
1151 1044 1317 1097 pulchra
1348 1047 1563 1087 minantem
1611 1047 1614 1050 ’

292 1117 428 1156 uiuere
460 1129 533 1157 nec
563 1121 671 1158 recte
703 1129 775 1157 nee
808 1118 1000 1164 suauiter;
1033 1117 1127 1168 haut
1158 1120 1248 1170 quia
1274 1119 1425 1171 grando

178 1278 447 1305 TESTIMONIA.

289 1333 333 1364 98
362 1332 580 1375 florilegium
610 1333 730 1368 Paris.
762 1334 862 1366 8069.
913 1333 960 1366 cf.
986 1333 1163 1367 Alcuinus
1195 1334 1239 1367 de
1271 1333 1407 1368 diuinis
1439 1334 1574 1369 officiis
1606 1347 1636 1370 e.
1663 1338 1705 1370 18

174 1388 210 1419 p.
229 1378 351 1410 1190³z
380 1377 583 1410 ‘modulum
611 1379 707 1410 enim
731 1389 834 1411 suum
851 1389 1142 1422 unumquemque
1169 1379 1402 1413 considerare
1418 1381 1616 1423 prudenter
1639 1393 1705 1416 nos

175 1422 349 1455 admonet
372 1423 522 1464 lyricus,
549 1423 674 1455 dicens
694 1452 701 1457 .
719 1447 728 1455 .
749 1449 756 1456 .
783 1424 963 1466 (sequitur
988 1426 1095 1467 epist.
1117 1426 1133 1456 I
1153 1427 1182 1466 1,
1201 1425 1276 1467 32)’
1369 1426 1508 1459 imitati
1532 1430 1617 1460 sunt
1633 1428 1705 1460 Lu-

174 1478 287 1501 canus
314 1468 401 1502 VlII
426 1470 510 1501 527:
536 1469 678 1500 ‘metiri
702 1479 770 1501 sua
795 1480 973 1512 quemque
1001 1469 1066 1511 (al.
1086 1469 1214 1513 regna)
1241 1471 1347 1503 decet
1371 1472 1545 1514 uiresque
1569 1473 1704 1506 fateri’

175 1516 212 1545 et
236 1514 403 1546 Auienus
434 1514 508 1546 fab.
542 1515 580 1555 5,
608 1516 624 1546 1
652 1524 721 1557 sq:
754 1515 897 1547 ‘metiri
921 1525 960 1547 se
992 1525 1170 1558 quemque
1197 1516 1302 1548 decet
1328 1517 1559 1560 propriisque
1583 1518 1705 1551 iuuari
1737 1556 1739 1559 ¹

173 1558 364 1593 laudibus'

263 1605 282 1637 I
306 1605 339 1637 8.
387 1614 446 1637 uu.
471 1605 593 1637 4—12
617 1604 772 1647 florileg.
797 1604 1032 1641 Nostradam.

173 1747 302 1775 VARIA
331 1747 498 1775 LECTIO.

288 1815 341 1853 94
372 1815 515 1861 penatis
545 1811 658 1852 π’νι
690 1821 838 1864 penates
870 1810 981 1860 ,Ω’ς’
1000 1819 1163 1866 floriley.
1195 1818 1325 1855 Nostr.
1417 1820 1468 1858 95
1501 1817 1702 1872 oblstestor

172 1885 196 1922 γ
325 1872 377 1910 96
423 1872 529 1908 simul
574 1874 711 1921 aspexit
755 1869 815 1908 ,ΩΧ
844 1870 895 1916 ς”
933 1875 1160 1923 florileyium
1203 1875 1448 1913 Nostraclam.
1493 1879 1586 1922 quod
1627 1879 1702 1924 qui-

173 1932 249 1963 dem
281 1942 322 1964 ex
354 1941 392 1966 u.
426 1929 480 1966 90
506 1931 607 1974 salso
643 1930 697 1964 hic
733 1931 918 1976 repetitum
957 1932 1174 1966 crediderim.
1220 1932 1330 1966 semel
1368 1934 1512 1978 aspexit
1538 1946 1565 1982 y
1597 1930 1699 1984 [cod.

173 1986 291 2023 Mart.
327 1985 486 2034 Cruquii
513 1992 546 2021 ct
576 1987 683 2023 codd.
715 1984 906 2036 Lambini]
937 1987 1088 2030 ,Bentl.;
1122 1991 1183 2023 sed
1211 2001 1255 2022 ne
1283 1990 1427 2024 uerbum
1459 1992 1597 2038 aspexit
1626 1992 1701 2036 qui-

172 2045 250 2077 dem
277 2042 440 2080 Horatio
479 2044 597 2078 deberi
627 2049 735 2089 puto:
764 2044 877 2078 nescio
919 2057 964 2078 an
999 2045 1192 2090 scripserit:
1229 2045 1406 2090 adgnouit
1438 2042 1564 2096 [simul
1596 2048 1700 2083 etiam

173 2111 271 2136 omn.
296 2096 453 2149 Βίαντά]
549 2099 700 2135 demissa
730 2112 754 2148 γ
774 2113 791 2137 ε
886 2100 937 2137 97
967 2100 1137 2138 Prestent·
1166 2103 1205 2138 Ε
1221 2114 1251 2149 φ
1273 2099 1297 2138 ὃ
1389 2108 1548 2140 maturae
1578 2104 1617 2140 Ε
1632 2117 1656 2154 γ
1675 2101 1701 2141 δ

172 2156 224 2193 98
263 2167 390 2192 uerum
421 2150 550 2199 Ω’ς”
586 2157 750 2204 floriley.
783 2157 1029 2194 Nostradam.
1070 2158 1207 2192 iustum
1235 2170 1261 2205 y
1292 2155 1557 2208 [Nostradam.
1588 2157 1698 2211 nan]

171 2223 238 2256 par
267 2214 356 2249 coni.
389 2213 434 2249 A.
465 2213 687 2253 Nauckiu83
726 2214 907 2248 dictionem
947 2225 1073 2250 uerum
1104 2221 1161 2251 est
1198 2218 1393 2251 luculenter
1428 2217 1701 2254 illustrauerunt

175 2269 362 2306 Obbarz'us
392 2275 426 2304 et
456 2269 671 2306 Schmidius

285 2332 307 2374 I
336 2333 376 2374 8.
420 2337 476 2372 AD
505 2336 677 2373 CELSVM
708 2337 1025 2374 ALBlNOVANVM
1055 2338 1388 2386 (ALVINOVANVM
1416 2353 1440 2390 γ
1468 2353 1492 2377 a
1520 2340 1698 2379 ALmNo-

171 2405 287 2442 BANV
318 2405 339 2440 λ
367 2404 680 2441 ALBINVUANUM
711 2402 749 2452 ὃ)
786 2405 985 2442 ΟΟΜΙΤΕΜ
1015 2405 1099 2454 (om.
1129 2407 1169 2455 v)
1204 2406 1392 2444 NERONIS
1424 2407 1507 2455 (om.
1539 2409 1580 2456 v)
1611 2409 1651 2445 Ε
1673 2422 1698 2460 γ

170 2463 208 2497 F
226 2458 299 2498 λ’ὃ
321 2461 359 2509 (α
380 2474 402 2498 r
422 2474 447 2498 υ
469 2468 502 2497 et
521 2461 643 2498 Fran.
666 2474 761 2498 cons,
782 2475 807 2511 9
827 2473 843 2498 2
865 2469 896 2498 et
916 2462 1038 2511 Lips.)
1129 2464 1150 2500 1
1173 2464 1283 2498 Celso
1306 2469 1346 2497 ut
1365 2464 1526 2508 gaudeat
1547 2470 1583 2500 et
1603 2466 1696 2501 bene

171 2530 244 2551 rem
275 2523 381 2563 regat
409 2517 484 2566 (sic)
515 2517 736 2552 albinouano
766 2531 792 2566 y
825 2515 1025 2568 [Nostrad.
1058 2517 1191 2570 uar.],·
1220 2521 1318 2557 Hor.
1351 2523 1519 2567 expressit
1541 2523 1696 2558 Graeco-

170 2588 247 2609 rum
282 2572 455 2624 εχαίρειν
483 2571 550 2611 καὶ
580 2566 626 2611 εὖ
655 2571 863 2625 πράττειν’
966 2587 1042 2612 rem
1054 2574 1133 2627 sss]
1151 2588 1279 2626 gerere
1309 2574 1334 2613 ὃ
1435 2578 1458 2614 2
1490 2577 1605 2615 scribe
1636 2578 1656 2614 λ
1676 2590 1695 2616 ε

284 2631 308 2668 3
341 2637 489 2680 quaeret
520 2637 553 2677 ψ
573 2628 597 2667 ὃ
619 2642 635 2666 ε
657 2630 695 2678 (ν
714 2634 727 2668 l
750 2638 781 2666 et
803 2643 831 2666 π
848 2634 985 2680 plures
1006 2635 1114 2670 codd.
1138 2632 1308 2682 Cruquii)
1340 2639 1470 2682 queret
1499 2635 1538 2671 E
1554 2646 1585 2681 φ
1604 2634 1626 2670 λ
1654 2633 1694 2682 (υ

170 2694 203 2722 et
224 2687 362 2736 Fran.)
394 2689 532 2736 quaerit
561 2700 585 2737 γ
606 2687 643 2735 (α
664 2700 687 2736 9
708 2700 730 2723 r
750 2694 782 2722 et
802 2686 828 2737 β
849 2690 953 2735 Lips.
984 2691 1106 2737 aliqui
1125 2691 1232 2727 codd.
1257 2690 1335 2736 Cr.)
1367 2691 1490 2736 querit
1509 2698 1532 2726 σ
1563 2688 1694 2740 [quae-

170 2748 228 2776 rat
258 2746 378 2792 aliqui
404 2741 542 2794 ‚Grzeq.]
651 2744 773 2792 pulcra
803 2746 841 2780 F
858 2742 898 2780 λ’
929 2746 1092 2792 (pulchra
1119 2746 1147 2793 l)
1252 2746 1278 2782 4
1308 2752 1408 2795 recle
1427 2759 1451 2795 γ
1551 2748 1638 2784 haut
1659 2748 1698 2784 E

169 2799 190 2835 λ
216 2812 280 2846 pr.
312 2812 330 2836 ε
358 2799 395 2847 (σ
415 2813 437 2837 r
457 2811 471 2837 1
499 2807 532 2836 et
559 2798 585 2849 β
607 2799 758 2848 1Lips.)
786 2802 950 2851 florileg.
983 2802 1229 2840 Nostradam.
1260 2802 1354 2839 haud
1383 2815 1407 2853 γ
1427 2804 1464 2840 F
1481 2800 1505 2840 ὃ
1533 2803 1572 2852 (ν
1592 2817 1616 2841 α
1635 2807 1692 2854 9ῖ

170 2868 192 2892 r
211 2866 228 2893 2
248 2868 273 2893 v
294 2863 327 2890 et
347 2855 372 2907 β
393 2867 409 2893 2
430 2867 459 2896 π
478 2868 495 2894 2
516 2856 656 2904 Fran.)
686 2862 751 2891 aut
781 2857 801 2893 λ
832 2869 936 2896 corr.
963 2858 1011 2906 (et
1039 2870 1069 2894 π
1090 2858 1118 2906 1)
