1820 3094
155 158 236 201 142
709 169 868 197 HORATI
899 167 1126 196 SERMONVM

264 284 381 335 longa
413 282 557 336 quibus
587 282 708 321 facies
739 281 826 320 ouis
857 280 951 326 erit,
983 278 1050 319 illa
1081 283 1301 325 memento,

267 363 310 397 ut
339 358 425 397 suci
455 355 631 396 melioris
662 360 702 394 et
731 359 773 394 ut
802 354 926 406 magis
957 353 1044 393 alba
1074 352 1277 399 rotundis,

264 443 436 483 ponere:
469 441 641 482 namque
671 441 822 468 marem
854 426 1042 467 cohibent
1072 426 1219 466 callosa
1250 425 1439 466 uitellum.

265 504 350 543 cole
381 503 611 544 suburbano
642 503 708 555 qui
738 503 856 542 siccis
887 502 1016 542 creuit
1044 502 1085 540 in
1118 502 1223 554 agris
1248 541 1250 543 ,
1639 505 1681 537 15

266 577 438 623 dulcior;
471 579 629 628 inriguo
661 575 760 616 nihil
791 581 850 616 est
880 572 1024 615 elutius
1054 574 1184 614 horto.

265 653 299 692 si
329 653 583 704 uespertinus
613 650 744 691 subito
774 654 814 690 te
845 650 1089 703 oppresserit
1117 648 1282 701 hospes,

266 738 315 765 ne
345 725 489 777 gallina
520 724 668 765 malum
698 729 908 777 responset
938 723 1036 763 dura
1067 722 1219 783 palato,

266 799 408 840 doctus
440 801 519 840 eris
547 800 680 839 uiuam
713 800 836 838 mixto
866 809 1046 838 mersare
1075 795 1265 835 Falerno:

267 873 342 913 hoc
374 879 551 913 teneram
581 874 712 913 saciet.
772 870 1025 925 pratensibus
1055 871 1201 923 optima
1233 869 1365 920 fungis
1509 912 1513 919 ¹
1637 873 1683 906 20
1742 871 1748 875 ⁴

267 952 409 987 natura
440 952 517 987 est:
551 946 639 986 aliis
670 944 772 986 male
803 945 991 985 creditur.
1050 943 1117 983 ille
1147 942 1318 983 salubris

266 1026 437 1061 aestates
467 1022 642 1073 peragit,
676 1021 744 1071 qui
774 1020 900 1071 nigris
929 1017 1096 1071 prandia
1125 1018 1250 1057 moris

265 1082 394 1141 finiet,
427 1100 519 1135 ante
549 1106 713 1146 grauem
744 1105 845 1145 quae
873 1092 1017 1145 legerit
1046 1090 1191 1131 arbore
1220 1089 1359 1130 solem.

1217 1180 1235 1194 ὀ

152 1256 420 1284 TESTIMONIA.

268 1312 412 1343 12——14
435 1310 484 1343 cf.
505 1310 599 1342 Plin.
626 1312 700 1342 nat.
728 1309 813 1342 hist.
839 1309 872 1341 X
898 1308 982 1341 145:
1015 1310 1132 1350 ‘quae
1159 1306 1319 1348 oblonga
1349 1305 1423 1339 sint
1453 1315 1524 1339 oua
1548 1304 1684 1349 gratio-

152 1358 202 1389 ris
234 1357 377 1399 saporis
409 1359 517 1399 putat
549 1355 730 1388 Horatius
759 1355 935 1388 Flaccus.
991 1353 1165 1386 feminam
1198 1351 1313 1384 edunt
1342 1362 1436 1394 quae
1466 1351 1685 1385 rotundiora
1738 1379 1741 1382 ,

154 1403 375 1445 gignuntur,
413 1401 554 1443 reliqua
589 1403 745 1432 marem'
891 1401 934 1431 14
970 1402 1128 1431 ‘marem
1157 1416 1203 1422 —-
1231 1397 1420 1430 uitellum’
1453 1397 1564 1440 gloss.
1605 1397 1683 1429 Mai

154 1448 263 1481 class.
291 1451 389 1482 auct,
417 1447 506 1479 VIII
531 1448 596 1479 597
731 1446 771 1477 16
798 1446 956 1487 ‘irriguo
980 1463 1024 1466 —
1049 1442 1173 1476 horto'
1200 1443 1312 1485 gloss.
1339 1443 1418 1475 Mai
1448 1443 1560 1477 class.
1583 1446 1682 1475 auct.

154 1494 242 1525 VIII
267 1494 333 1526 302
428 1494 468 1525 17
495 1492 543 1524 cf.
568 1492 649 1523 uita
675 1491 869 1523 Benedicti
894 1491 976 1524 abb.
1004 1489 1194 1522 Clusensis
1219 1499 1298 1531 cap.
1319 1489 1339 1520 6
1366 1485 1490 1532 [Pertz
1507 1488 1620 1522 XIIII
1637 1502 1682 1515 =

152 1535 224 1570 XII
249 1535 352 1581 202]:
380 1537 487 1578 ‘sed,
515 1537 629 1578 siquis
656 1536 703 1568 ad
731 1547 793 1568 eos
818 1536 1053 1578 uespertinus
1078 1534 1211 1576 hospes
1237 1534 1442 1574 aduenerit,
1469 1537 1536 1567 aut
1560 1533 1682 1567 disee-

154 1584 208 1616 dit
233 1584 280 1616 ad
306 1584 525 1625 crastinum,
551 1586 633 1624 aut,
660 1585 702 1614 ut
726 1581 893 1624 multum,
920 1582 1015 1613 sorte
1039 1583 1202 1612 moratur
1224 1590 1290 1622 per
1314 1578 1486 1612 biduum'

153 1746 281 1773 VAmA
311 1745 478 1771 anrrm.

268 1808 319 1845 12
351 1804 439 1858 erit]
472 1810 551 1841 erat
580 1819 604 1843 a
638 1817 649 1843 1
680 1807 749 1843 Ac.
782 1819 863 1852 opp.
893 1801 1007 1853 Pple!
1122 1804 1174 1842 13
1206 1801 1265 1855 ut]
1297 1805 1348 1839 Et
1372 1816 1399 1852 y
1427 1804 1498 1842 Ac.
1605 1805 1683 1842 suci
1719 1819 1723 1822 ·

153 1883 452 1937 DEng'Ac.
484 1883 597 1937 sussci
628 1886 649 1922 λ
764 1866 910 1922 mesoris
941 1886 979 1922 E
1081 1884 1159 1922 alba
1177 1879 1289 1928 52'3'
1315 1883 1410 1918 *alma
1439 1884 1567 1922 Bentl.
1598 1896 1682 1931 opp.

153 1947 244 1982 Aer.
277 1952 310 1979 et
339 1950 383 1987 cr.
415 1946 571 1981 Bentlez·
597 1954 718 1980 curas
747 1945 976 1980 nouissimus
1005 1941 1078 1976 alta
1110 1942 1394 1990 Cuninyhamus
1501 1940 1553 1977 14
1575 1941 1683 1978 'cohi-

153 2002 239 2038 bent
259 2003 374 2051 DEy
395 2001 415 2036 λ
437 2013 540 2039 corr.
557 2013 587 2048 φ
603 2011 619 2037 2
641 1995 681 2044 ς’
702 1996 814 2047 Pplz.'
841 1999 996 2048 ‹phibent
1017 2000 1055 2035 F
1071 1994 1145 2046 t'y
1165 2001 1332 2048 ylossar.
1351 1998 1437 2034 Mai
1509 1998 1560 2035 15
1582 1997 1682 2035 Colle

152 2060 190 2095 F
208 2058 243 2107 (9
263 2061 275 2095 l
298 2072 334 2095 a.
358 2058 455 2105 ras.)
487 2057 594 2094 Caule
615 2070 646 2104 φ
667 2069 755 2094 uar.
779 2056 816 2103 (r
830 2067 847 2093 2
868 2055 972 2104 uar.)
1003 2055 1088 2092 Cole
1109 2061 1197 2093 cett.
1219 2055 1240 2091 λ
1261 2067 1363 2092 corr.
1385 2060 1421 2103 ψ
1445 2066 1551 2092 corr.
1574 2051 1614 2098 ς’
1634 2054 1683 2102 (et

152 2116 179 2152 4
210 2113 372 2165 Βῖαηά.)
413 2113 542 2159 ‘ColeJ
583 2115 651 2148 hoc
682 2119 740 2148 est
770 2113 894 2147 caule'
926 2114 995 2149 Ae.
1029 2114 1119 2162 Apc‘r.
1227 2108 1343 2162 agris]
1373 2111 1496 2148 herbis
1526 2112 1563 2149 D
1592 2123 1680 2149 aar.

266 2185 330 2209 uu.
366 2171 530 2209 16-18
559 2178 639 2217 post
668 2183 706 2208 u.
739 2170 792 2207 23
820 2171 922 2216 ponit
947 2183 973 2218 y
997 2166 1254 2220 [Barcinon.]
1354 2168 1405 2205 16
1435 2169 1576 2218 irriguo
1606 2168 1681 2218 Dy

153 2228 173 2264 λ
196 2241 299 2266 corr.
325 2225 363 2272 ς’
378 2230 544 2276 9lossar.
575 2228 660 2264 Mai
687 2228 832 2276 inriguo
868 2227 903 2263 Ε
922 2223 1012 2264 Ft‘
1119 2227 1252 2264 elutius
1282 2226 1318 2262 D
1334 2226 1407 2274 Εγ
1430 2225 1451 2261 λ
1478 2219 1573 2275 (β’ν
1595 2234 1619 2261 σ
1642 2224 1680 2273 α)

1013 2289 1016 2292 ·
1125 2279 1128 2281 ·
1355 2278 1374 2303 h

151 2311 316 2358 quassam
348 2309 433 2345 Mai
461 2308 598 2344 elucius
629 2308 667 2343 F
684 2305 720 2355 (9
740 2308 753 2343 l
775 2305 809 2354 r)
841 2306 974 2340 elotius
1004 2318 1030 2354 y
1123 2306 1271 2343 inhorto
1303 2306 1341 2341 Ε
1368 2310 1450 2342 orto
1482 2304 1503 2340 λ
1527 2330 1551 2356 ,
1595 2303 1680 2338 irri-

153 2366 218 2410 gui
247 2393 256 2401 .
280 2391 288 2400 .
314 2391 322 2399 .
355 2365 450 2398 horti
480 2365 582 2402 Dan.
613 2363 798 2401 Heinsius
916 2363 966 2400 17
1000 2359 1151 2413 hospes]
1185 2368 1286 2399 ortus
1316 2363 1355 2399 E
1466 2361 1516 2399 18
1548 2360 1680 2410 gallina

153 2445 285 2481 malum
315 2440 525 2493 responset]
557 2443 653 2477 molli
683 2443 819 2487 gallina
848 2443 1001 2477 resistat
1020 2443 1176 2480 Peerlk.
1262 2421 1388 2493 gffllina
1408 2440 1467 2478 E‘
1528 2451 1679 2490 respon·

131 2507 208 2556 ‘sat
237 2515 260 2552 γ
281 2500 334 2549 (α)
363 2500 562 2549 respondet
592 2501 628 2537 D
650 2510 662 2536 1
684 2501 722 2536 Ε
742 2498 778 2549 (σ
799 2511 904 2538 corr.
933 2500 970 2549 9)
1003 2499 1185 2545 responda
1207 2501 1227 2536 ,l
1254 2510 1317 2546 pr.
1348 2497 1534 2544 responde
1563 2505 1587 2533 6
1612 2509 1676 2545 pr.

153 2563 345 2607 responset
374 2558 526 2595 F2D2
547 2552 658 2607 (β’νῑ
680 2568 783 2594 corr.
807 2556 841 2603 r)
938 2557 988 2594 19
1021 2558 1132 2593 mixto
1163 2551 1275 2599 ,Ω’ς’
1305 2555 1422 2589 mulso
1449 2566 1476 2603 y
1507 2557 1627 2588 musto
1648 2565 1680 2590 ω

155 2638 281 2674 Bentl.
384 2636 439 2675 20
468 2633 556 2688 hoc]
595 2619 660 2685 Ilfc
689 2636 710 2672 λ
806 2637 906 2673 satiet
935 2649 959 2686 γ
1044 2634 1276 2685 protensibus
1305 2647 1329 2683 γ
1354 2647 1420 2682 pr.
1454 2647 1536 2682 opp.
1565 2627 1680 2681 Pph!

268 2693 400 2730 obtima
431 2695 467 2731 D
494 2706 558 2741 pr.
649 2693 698 2729 21
733 2692 885 2730 salubris
916 2695 954 2729 E
970 2705 994 2741 γ
1017 2690 1057 2742 (ν
1080 2703 1091 2729 1
1113 2699 1137 2727 6
1157 2703 1173 2728 2
1194 2705 1218 2728 a
1237 2704 1262 2740 9
1280 2704 1343 2739 pr.
1367 2690 1402 2738 r)
1421 2703 1448 2738 y
1469 2687 1592 2741 [Lips.
1611 2701 1677 2737 pr.

154 2751 282 2786 Paris.
315 2750 426 2788 8214
457 2751 591 2799 Reyin.
633 2746 868 2799 Valentiam]
901 2749 1062 2786 salubres
1094 2745 1196 2785 cett!
1227 2745 1265 2791 ς’
1373 2747 1424 2784 22
1456 2745 1626 2782 'Aestatis
1657 2758 1679 2782 r

95 2802 98 2810 ’
152 2818 215 2853 pr.
243 2818 269 2852 y
293 2804 439 2858 [Paris.
470 2807 580 2845 8213
605 2803 693 2857 pru]
823 2811 974 2855 peraget
1002 2807 1042 2843 F
1065 2806 1086 2842 λ
1114 2804 1153 2852 (ν
1179 2816 1284 2842 corr.
1316 2809 1358 2842 ut
1387 2806 1463 2842 uid.
1491 2805 1585 2853 912
1605 2816 1628 2840 r
1646 2801 1678 2850 2)

153 2864 294 2911 peragit
324 2864 442 2912 DEy
462 2873 526 2911 ψ2
547 2859 720 2913 (β’νρν.
741 2868 782 2900 ut
803 2865 880 2901 uid.
901 2871 924 2898 σ
944 2876 967 2899 α
988 2865 1002 2900 l
1024 2874 1037 2899 1
1057 2876 1080 2899 r
1101 2861 1128 2910 ι)
