1890 3106
876 145 943 171 vv.
974 143 1093 170 89-104
1658 131 1744 173 339

318 269 396 297 non
429 258 525 297 satis
556 262 617 297 est
647 256 814 309 pulchra
846 269 934 297 esse
963 261 1174 312 poemata:⁴
1201 256 1331 298 dulcia
1361 262 1480 298 sunto

317 337 356 372 et
387 343 640 383 quocumque
671 329 808 372 uolent
837 332 1012 379 animum
1045 330 1239 372 auditoris
1269 336 1431 383 agunto.
1678 339 1744 370 100

315 410 359 445 ut
388 405 610 445 ridentibus
641 405 840 451 adrident,
872 406 926 446 ita
954 404 1141 446 flentibus
1172 405 1317 446 adsunt

315 479 477 519 humani
508 478 658 519 uoltus:
691 480 725 519 si
758 480 817 519 uis
848 492 911 519 me
941 479 1059 525 flere,
1092 478 1310 519 dolendum
1342 484 1403 520 est

314 555 485 606 primum
518 554 594 606 ipsi
624 551 717 593 tibi:
750 558 847 593 tunc
877 558 942 593 tua
974 565 1038 593 me
1068 553 1286 593 infortunia
1316 552 1494 599 laedent,

314 626 490 680 Telephe
520 627 585 668 uel
616 626 760 673 Peleu;
792 626 896 667 male
926 628 959 667 si
989 627 1173 668 mandata
1203 625 1401 680 loqueris,

199 767 471 796 TESTIMONIA.

289 833 349 858 uu.
376 822 546 855 99-103
571 819 726 863 florileg.
742 819 978 854 Nostradam.
1070 822 1115 854 99
1131 819 1236 853 Adae
1262 820 1307 854 de
1325 821 1445 854 Fulda
1462 821 1626 855 musicae
1655 833 1742 866 pars

200 868 364 902 secunda
390 879 420 902 c.
447 869 486 900 11
515 865 589 912 [III
614 878 648 909 p.
673 867 740 900 353
765 864 951 909 Gerbert.]
1067 868 1132 899 100
1156 866 1309 900 Seruius
1337 865 1521 911 [Sergius]
1548 878 1674 901 comm.
1702 869 1741 901 in

199 915 386 947 Donatum
410 925 445 958 p.
470 915 536 946 415
561 914 606 947 K.
724 913 913 945 101--103
945 915 1010 945 ‘ut
1034 929 1076 934 —-
1109 912 1180 946 tibi
1210 913 1304 955 ipsi’
1329 913 1545 946 Vincentius
1569 914 1741 947 Belloua-

201 960 323 993 censis
349 959 490 1003 specul.
516 958 643 994 histor.
669 957 740 991 VII
764 959 807 991 67
903 959 966 990 101
994 968 1047 1001 sq.
1073 958 1120 992 cf.
1148 957 1274 991 Senec.
1301 958 1346 991 de
1371 959 1428 991 ira
1451 959 1489 991 II
1513 961 1546 1000 2,
1572 960 1610 993 5:
1636 960 1739 993 ‘inde

199 1009 258 1039 est
284 1005 380 1048 quod
412 1004 622 1037 adridemus
647 1003 854 1036 ridentibus
885 1007 922 1036 et
949 1004 1148 1036 contristat
1177 1014 1244 1036 nos
1271 1005 1379 1037 turba
1404 1006 1667 1038 maerentium’
1694 1006 1739 1039 de

198 1051 398 1084 clementia
422 1051 459 1084 11
484 1052 521 1090 6,
548 1051 588 1082 4:
615 1052 782 1092 ‘semper
807 1049 975 1082 adridere
1002 1049 1228 1082 ridentibus'
1364 1051 1427 1083 102
1453 1061 1506 1093 sq.
1534 1051 1587 1084 ‘si
1614 1051 1670 1084 uis
1694 1068 1740 1075 —--

199 1097 288 1130 tibi’
312 1097 474 1130 Ioannes
500 1094 796 1128 Saresben‘ensis
821 1094 947 1128 metal.
974 1095 991 1127 I
1018 1096 1060 1128 17
1169 1106 1229 1128 uu.
1258 1096 1467 1128 104—111:
1494 1096 1613 1130 ‘Male
1639 1097 1671 1129 si
1695 1115 1740 1120 —

198 1142 346 1185 lingua’
373 1140 574 1184 florileg.
600 1140 888 1174 Nostradam.
1019 1141 1084 1185 104
1109 1150 1162 1184 sq.
1189 1141 1307 1173 ‘male
1333 1158 1375 1165 —-
1404 1141 1552 1175 ridebo’
1573 1142 1740 1177 ‘Ioannes

198 1187 494 1222 Saresberiensis
518 1186 694 1230 metalog.
719 1187 738 1220 I
758 1188 800 1220 17

196 1305 327 1333 VARIA
355 1304 523 1333 LEGTIO.

198 1361 317 1410 corr.)
336 1374 363 1411 y
387 1358 564 1413 [Taur.1
598 1357 721 1411 Voss]
756 1359 923 1414 querella
952 1373 977 1409 y
1000 1357 1067 1412 [n]
1101 1360 1248 1410 querela
1280 1372 1311 1407 φ
1350 1361 1488 1410 querila
1520 1362 1549 1400 G
1573 1375 1618 1411 p.
1654 1375 1736 1402 ras.

197 1419 345 1469 querela
377 1414 512 1463 cetcleg
539 1417 586 1466 (et
615 1417 735 1466 Lips.)
829 1417 881 1455 99
914 1418 1038 1466 pulcra
1070 1429 1087 1454 ε
1109 1430 1134 1455 u
1159 1419 1247 1466 flor.
1282 1418 1411 1455 Nostr.
1434 1419 1558 1456 Adam
1588 1432 1683 1466 pura
1712 1434 1739 1470 y

196 1490 278 1525 opp.
311 1481 469 1514 tractat.
503 1476 709 1514 Vindobon.
742 1487 813 1509 non
843 1476 991 1521 improb.
1016 1476 1140 1512 Bentl.
1259 1487 1324 1513 uu.
1350 1475 1431 1514 100
1450 1487 1507 1525 sq.
1540 1480 1645 1515 omis.
1668 1490 1687 1513 τ
1711 1489 1735 1525 1,

196 1536 281 1570 add.
303 1546 324 1570 τ
344 1545 360 1570 2
390 1536 429 1571 in
450 1544 573 1580 mary.
694 1532 776 1570 100
806 1532 933 1569 uolent
952 1533 1026 1581 γΒ
1044 1532 1074 1569 C
1088 1544 1105 1569 ε
1126 1528 1221 1582 (β’ν
1244 1545 1268 1569 a
1290 1545 1313 1569 r
1333 1539 1366 1568 et
1385 1533 1506 1581 Lips.)
1528 1534 1618 1571 Aer.
1645 1535 1737 1573 Ser—

196 1594 282 1630 nius
312 1595 470 1628 tractat.
506 1590 711 1628 Vindobon.
742 1591 905 1638 florileg).
937 1590 1185 1627 Nostradam.
1220 1589 1351 1626 uolunt
1380 1591 1419 1627 F
1437 1587 1477 1626 λ’
1493 1588 1515 1626 ὃ
1535 1603 1560 1628 u
1583 1591 1622 1640 (σ
1641 1599 1674 1628 et
1694 1592 1737 1640 π)

132 1679 141 1683 “
196 1645 326 1707 ιιοῖιιῗιῐ
346 1683 372 1708 υ
478 1669 556 1709 101
590 1669 755 1706 adrident
777 1668 807 1706 C
820 1670 859 1706 F
875 1667 914 1716 (a
936 1676 969 1705 et
989 1669 1031 1717 π)
1062 1669 1221 1706 arrident
1243 1661 1397 1714 cettsg‘
1417 1669 1464 1717 (et
1484 1671 1607 1720 Lips.)
1626 1674 1734 1721 flori-

192 1731 266 1778 leq.
298 1729 546 1766 Nostradam.
677 1726 810 1763 adsunt
839 1727 878 1763 F
894 1739 911 1764 ε
934 1739 959 1764 u
979 1722 1041 1777 (β’
1060 1740 1084 1764 α
1106 1740 1128 1764 r
1156 1734 1190 1763 et
1219 1726 1262 1775 π)
1290 1729 1452 1776 floriley.
1486 1728 1735 1767 Nostradam.

195 1791 323 1823 assunt
353 1781 456 1823 cett!
474 1797 496 1829 ς
523 1782 570 1832 (et
599 1782 718 1831 Lips.)
757 1783 897 1818 adflent
931 1787 1210 1833 yrammaticus
1231 1796 1456 1832 ‘anonymus
1486 1786 1738 1824 bibliothecae

208 1843 467 1892 Viyorniensis
489 1842 689 1879 Bentleius
719 1853 800 1887 opp.
821 1841 914 1878 Aer.
945 1843 1062 1890 yloss.
1085 1840 1125 1877 Γ
1144 1843 1316 1889 interpr..·
1347 1839 1407 1875 ein
1430 1846 1580 1887 praesto
1602 1849 1733 1889 sun13.

192 1906 383 1946 praetcrea
401 1900 478 1935 iure
497 1894 756 1944 κακοφωνιάς
777 1905 995 1945 argueretur
1016 1898 1222 1947 Horatius,
1253 1900 1283 1934 si
1300 1899 1511 1945 scripsisset:
1542 1899 1584 1934 ‘f
1589 1900 1628 1935 le
1643 1901 1708 1935 nti
1722 1921 1734 1927 -

196 1958 282 1991 bus
314 1956 490 2000 adflent
520 1955 668 1989 humani
700 1955 844 1999 uoltus3
875 1956 907 1989 si
939 1955 997 1989 uis
1029 1968 1083 1989 me
1114 1956 1256 2000 flere,
1287 1955 1484 1990 dolendum
1515 1956 1595 1991 est'
1628 1964 1661 1994 et
1690 1963 1736 2001 cf.

197 2027 234 2052 u.
258 2013 359 2052 204:
382 2012 597 2059 ‘adspirare
618 2016 655 2046 et
675 2014 808 2046 adesse
829 2012 975 2047 choris'
997 2019 1030 2048 ct
1052 2015 1162 2060 epist.
1182 2013 1195 2050 l
1219 2013 1282 2060 17,
1303 2012 1356 2049 57
1379 2019 1413 2048 et
1426 2013 1584 2051 Lucret.
1607 2014 1620 2051 l
1640 2015 1733 2053 178.

196 2071 320 2105 adsint
347 2073 405 2106 uel
428 2070 549 2105 assint
567 2081 593 2117 y
616 2065 806 2120 [Gr-onon.
828 2080 845 2106 2
866 2070 1050 2107 Nostrad.
1071 2071 1209 2119 Regin.
1234 2081 1246 2106 1
1271 2071 1391 2108 Taur.
1413 2081 1430 2106 2
1451 2072 1559 2108 codd.
1584 2071 1740 2110 Bentlei

196 2129 348 2166 Combez'
375 2129 482 2165 Fene
517 2123 704 2177 Oberlini]
738 2139 769 2163 ω
802 2127 1022 2164 Vincentius
1050 2127 1191 2162 adnant
1219 2140 1245 2176 3!
1268 2124 1397 2178 [codd.
1417 2127 1595 2165 Marcilii
1612 2125 1677 2179 (?)]

198 2185 276 2223 102
310 2185 431 2222 uoltus
464 2183 493 2221 0
522 2184 645 2220 uultus
677 2178 842 2228 cett.'‹;''
869 2186 1033 2233 florileg).
1059 2185 1306 2222 Nostradam.
1406 2184 1439 2218 si
1468 2196 1523 2219 me
1555 2185 1613 2219 uis
1644 2185 1736 2221 flere

207 2243 428 2280 Vincentius
458 2254 539 2288 opp.
569 2242 732 2289 florileg).
763 2241 1009 2279 Nostradam.
1041 2253 1096 2276 me
1115 2242 1235 2276 uisne
1265 2239 1420 2276 dolere?
1451 2242 1737 2290 Peerlkampus

229 2347 231 2349 ι
309 2298 505 2336 dolendum
538 2298 567 2335 C
672 2297 752 2335 103
782 2301 822 2335 tfi
842 2299 880 2335 B
898 2297 928 2334 C
955 2304 1042 2336 tunc
1062 2295 1230 2343 cett.'3''
1251 2292 1366 2347 Pph!
1383 2300 1547 2348 florileg).
1572 2300 1735 2338 Nostra-

194 2358 294 2393 dctm.
328 2357 484 2401 defendit
513 2356 771 2393 Doederlinus
801 2356 911 2403 epist.
934 2355 963 2391 Π
987 2367 1031 2403 p.
1058 2355 1136 2394 109
1170 2355 1297 2390 ‘cum'
1322 2367 1397 2403 pro
1428 2353 1550 2390 ‘tum'
1574 2355 1733 2405 Porplz.'

195 2415 234 2451 in
264 2416 468 2461 interpret.
501 2424 601 2447 nunc
631 2424 651 2448 τ
673 2424 741 2459 pr.
831 2411 1002 2453 *laedent
1032 2414 1069 2449 B
1092 2414 1130 2449 F
1146 2409 1258 2461 (πά)
1289 2407 1403 2464 Ρρή.’
1433 2412 1556 2450 ledent
1585 2414 1656 2464 70
1674 2410 1697 2449 ὃ
1717 2426 1734 2451 ε

196 2489 221 2514 u
243 2475 264 2512 λ
277 2488 321 2523 p.
352 2487 434 2513 ras.
467 2479 504 2512 et
534 2486 638 2513 corr.
664 2468 705 2519 ς’
731 2476 850 2523 florii.
884 2475 1014 2512 Nostr.
1045 2475 1172 2512 ledunt
1204 2471 1244 2512 λ’
1273 2464 1419 2511 loedeN
1438 2487 1458 2510 τ
1561 2487 1626 2513 uu.
1654 2475 1734 2514 104

198 2532 341 2571 -195
374 2533 581 2568 DEFIGIT
609 2533 690 2570 cod.
721 2543 766 2574 v,-
799 2527 851 2575 ς”
871 2546 928 2563 =
958 2536 1027 2569 aut
1057 2544 1186 2570 omnes
1224 2527 1331 2572 dodd.
1369 2527 1416 2585 β’
1445 2528 1485 2579 (β
1515 2532 1657 2580 Fran.)
1685 2525 1733 2568 π’

194 2589 238 2638 (π
257 2588 377 2640 Lips.)
400 2598 423 2625 6
443 2602 462 2625 τ
484 2602 508 2626 α
529 2602 552 2626 r
572 2602 597 2626 υ
619 2588 660 2636 (l)
691 2594 759 2626 aut
788 2589 926 2626 horum
957 2591 1064 2626 codd.
1098 2600 1143 2627 ea
1171 2602 1274 2638 pars
1303 2602 1355 2628 ex
1376 2591 1513 2640 quibus
1533 2601 1609 2627 non
1630 2592 1734 2628 aliae

193 2650 383 2685 lectiones
412 2651 619 2688 notantur,-
652 2657 675 2690 ς
701 2662 757 2676 =
788 2650 856 2683 aut
886 2656 1016 2683 omnes
1047 2648 1155 2684 codd.
1183 2655 1206 2683 6
1234 2659 1255 2683 τ
1277 2661 1301 2685 a
1329 2661 1351 2684 r
1372 2661 1397 2685 v
1426 2646 1466 2696 (l)
1498 2650 1567 2683 aut
1595 2647 1733 2684 horum

195 2706 303 2742 codd.
328 2715 374 2741 ea
391 2715 494 2751 pars
514 2715 567 2741 ex
587 2704 726 2752 quibus
745 2714 822 2740 non
845 2704 947 2740 aliae
965 2705 1151 2741 lectiones
1171 2709 1359 2742 notantur
1449 2702 1529 2740 104
1551 2702 1675 2740 'I'elese
1697 2705 1734 2740 B

309 2757 419 2812 male]
448 2761 541 2795 mala
560 2772 580 2796 τ
603 2771 615 2796 1
638 2773 660 2796 r
679 2759 726 2807 (et
746 2758 790 2807 π)
809 2771 835 2808 y
855 2772 937 2807 opp.
962 2761 1081 2798 schol.
1102 2774 1126 2811 γ
1144 2766 1305 2799 tractat.
1338 2762 1543 2800 Vindobon.
1564 2761 1732 2813 florileq'

198 2863 442 2902 Nostradam.
473 2864 613 2901 Ioann.
647 2863 849 2901 Saresber.
937 2831 1102 2911 10:5³2ssss
1132 2875 1158 2902 v
