1890 3106
192 119 275 162 292
713 132 877 160 nomm
907 132 1202 160 nms'rvmuzvu

305 245 551 298 pulchraque
582 250 622 284 et
652 245 798 284 exactis
828 244 1035 287 minimum
1065 243 1247 284 distantia
1278 245 1415 285 miror.

306 321 409 359 inter
440 330 540 369 quae
570 316 740 357 uerbum
772 317 932 357 emicuit
961 318 994 357 si
1024 317 1127 357 forte
1157 317 1367 364 decorum,

306 394 338 431 si
370 404 511 431 uersus
541 391 658 443 paulo
689 392 922 431 concinnior
952 403 1053 431 unus
1084 395 1123 430 et
1153 390 1271 431 alter:

306 467 451 506 iniuste
482 470 607 505 totum
639 464 746 504 ducit
775 464 989 516 uenditque
1019 477 1173 517 poema.
1680 472 1723 504 ‘15

307 540 493 591 indignor
524 540 732 591 quicquam
765 538 1026 591 reprehendi,
1059 550 1139 578 non
1169 540 1260 592 quia
1291 551 1425 579 crasse

307 614 570 666 compositum
600 612 826 664 inlepideue
859 618 1043 664 putetur,
1076 612 1149 652 sed
1179 614 1270 666 quia
1301 625 1450 665 nuper,

308 700 381 727 nec
413 688 569 726 ueniam
601 688 789 739 antiquis,
823 686 890 726 sed
922 685 1115 726 honorem
1148 691 1186 725 et
1217 687 1392 738 praemia
1423 686 1543 738 posci.

308 766 416 800 recte
447 773 572 801 necne
604 772 764 800 crocum
796 760 995 812 floresque
1026 759 1276 812 perambulet
1305 762 1418 801 Attae

310 834 439 874 fabula
471 834 503 873 si
534 833 732 878 dubitem,
765 833 936 873 clament
963 835 1134 891 periisse
1165 833 1358 885 pudorem
1682 841 1726 872 80

309 909 441 947 cuncti
471 919 598 960 paene
628 912 783 959 patres,
818 919 862 946 ea
893 919 983 947 cum
1014 906 1313 959 reprehendere
1345 919 1478 953 coner,

311 993 412 1032 quae
442 981 575 1033 grauis
605 982 805 1033 Aesopus,
837 993 939 1033 quae
971 981 1113 1020 doctus
1144 980 1310 1020 Roscius
1341 982 1438 1033 egit:

310 1054 374 1094 uel
405 1055 497 1106 quia
530 1053 583 1094 nil
614 1060 787 1100 rectum,
821 1055 898 1094 nisi
928 1053 1034 1106 quod
1066 1053 1210 1106 placuit
1243 1054 1336 1101 sibi,
1370 1054 1540 1101 ducunt,

310 1128 374 1168 uel
405 1129 495 1179 quia
525 1133 641 1180 turpe
671 1133 811 1180 putant
841 1139 981 1180 parere
1013 1127 1253 1174 minoribus,
1288 1133 1326 1168 et
1355 1140 1455 1179 quae

197 1299 467 1328 TESTIMONIA.

290 1356 332 1387 76
358 1365 411 1398 sq.
429 1353 676 1397 Hepidannus
700 1355 780 1388 uita
805 1365 833 1387 s.
853 1354 1077 1388 wiboradae
1103 1354 1127 1387 l.
1152 1353 1194 1387 1.:
1228 1354 1315 1387 ‘sed
1340 1365 1464 1388 eorum
1489 1355 1728 1389 reuerendam

200 1401 375 1433 canitiem
407 1401 452 1433 ab
485 1398 693 1432 huiusmodi
725 1401 934 1443 suspicione
958 1403 1104 1443 oportet
1127 1400 1290 1432 alienam
1319 1401 1500 1443 conspici,
1533 1400 1731 1444 quidquam

199 1446 245 1478 ab
272 1446 325 1478 eis
351 1445 571 1488 reprehendi
595 1463 638 1469 --
664 1448 802 1488 nuper’
896 1447 937 1479 81
957 1455 1012 1487 sq.
1038 1449 1104 1478 ‘ea
1128 1462 1172 1467 ——
1199 1446 1294 1488 egit’
1318 1446 1490 1479 Donatus
1515 1446 1562 1479 ad
1578 1447 1730 1481 Terent.

198 1491 319 1532 hecyr.
338 1491 477 1534 prolog.
501 1491 565 1524 alt.
583 1491 627 1523 49
720 1491 763 1523 82
781 1490 828 1523 cf.
849 1490 1004 1532 Quintil.
1022 1491 1109 1523 inst.
1128 1491 1180 1523 XI
1199 1492 1231 1529 3,
1252 1492 1332 1523 111:
1366 1494 1377 1511 ἱ·
1385 1491 1467 1534 plus
1484 1494 1608 1524 autem
1625 1491 1731 1526 adfe-

200 1540 281 1569 ctus
310 1536 449 1569 habent
478 1536 660 1576 lentiora,
696 1535 852 1578 ideoque
883 1536 1040 1569 Roscius
1070 1536 1236 1577 citatior,
1267 1535 1433 1579 Aesopus
1465 1537 1615 1579 grauior
1637 1538 1730 1580 fuit,

199 1581 295 1624 quod
318 1581 382 1614 ille
407 1581 629 1622 comoedias,
655 1581 715 1614 hic
731 1581 945 1624 tragoedias
970 1581 1070 1624 egit’
1164 1581 1299 1614 83-85
1323 1581 1477 1624 florileg.
1495 1582 1728 1616 Nostradam.

198 1626 445 1669 Hepidannus
472 1626 495 1660 l.
519 1626 543 1659 1.

198 1798 328 1826 VARIA
358 1798 527 1826 LEGTIO.

315 1854 366 1891 72
399 1856 583 1891 minimum
615 1847 738 1898 ,Ω’ς”
771 1854 916 1888 nimium
946 1856 960 1891 l
990 1866 1077 1891 aar.
1107 1867 1133 1903 y
1163 1855 1229 1902 Pf.
1262 1867 1307 1890 m.
1339 1855 1436 1903 Pph.
1535 1856 1587 1894 73
1620 1867 1689 1905 que
1709 1869 1734 1906 γ

200 1909 254 1959 (α)
345 1911 517 1948 decorum
540 1913 577 1948 E
596 1925 620 1961 γ
641 1910 694 1958 (α)
715 1924 739 1960 y
770 1911 939 1948 decorum
971 1917 1006 1947 ct
1026 1911 1065 1948 F
1081 1908 1148 1948 λέ
1170 1908 1227 1954 ς”
1247 1916 1292 1957 cs.
1324 1914 1436 1959 epist.
1457 1912 1472 1949 1
1495 1913 1561 1959 17,
1583 1913 1622 1950 6.
1646 1913 1683 1950 7.
1707 1913 1732 1951 8

315 1968 367 2005 74
399 1969 584 2005 concinior
614 1968 634 2004 λ
655 1967 708 2015 (d)
843 1967 895 2005 75
929 1967 1108 2002 iniustum
1139 1981 1164 2004 v
1184 1981 1210 2016 y
1325 1968 1406 2005 duci
1429 1981 1468 2004 τε
1499 1980 1518 2004 ε
1632 1969 1734 2003 ducit

201 2025 377 2071 uenitque
405 2036 431 2072 y
466 2021 691 2075 [Reyinens.
725 2021 756 2075 ι]
789 2026 988 2062 Bentleius
1019 2025 1123 2058 ducis
1156 2024 1363 2071 uendisque
1392 2025 1615 2063 Dantzerus

203 2105 254 2142 76
277 2105 339 2152 qui
361 2117 368 2139 :
393 2117 400 2140 :
425 2115 532 2152 quam
552 2116 569 2140 ε
601 2105 791 2153 quicquam
813 2100 977 2147 cett.'g''
999 2100 1111 2151 Ppk!
1143 2085 1280 2150 quillus
1310 2112 1333 2140 6
1364 2104 1491 2151 qdqun
1508 2117 1533 2153 9
1609 2115 1733 2154 repre-

202 2161 309 2197 hendi
339 2157 469 2204 Ω’ς”
499 2160 673 2206 reprendi
702 2169 726 2197 6
745 2173 771 2209 y
883 2171 1023 2196 crassae
1053 2160 1074 2196 λ
1210 2174 1245 2198 u.
1279 2161 1329 2198 77
1363 2163 1466 2198 omis.
1500 2173 1518 2198 ε
1546 2173 1609 2208 pr.
1643 2162 1731 2198 add.

201 2221 240 2254 in
270 2230 393 2266 mar-9.
427 2219 512 2254 ead.
543 2229 591 2254 m.
715 2217 766 2254 77
799 2216 1036 2265 Conpositum
1065 2218 1103 2254 E
1121 2216 1141 2252 λ
1163 2216 1211 2264 (et
1229 2214 1269 2266 β)
1301 2230 1372 2253 :::
1404 2218 1562 2265 positum
1583 2229 1600 2254 ε
1630 2217 1734 2254 Com-

202 2275 359 2323 positum
389 2278 476 2311 cett.
500 2267 544 2317 ς’
563 2272 610 2321 (et
630 2273 769 2320 Fran.)
846 2273 1051 2321 inlepideue
1072 2271 1199 2311 EFA‘
1217 2273 1256 2324 (β
1265 2270 1348 2321 ‘6a)
1378 2274 1572 2322 inlepideq.
1595 2286 1613 2311 ε
1634 2270 1696 2322 (π’
1710 2275 1737 2311 d

200 2345 223 2380 9
245 2344 266 2366 r
287 2344 312 2367 v
342 2330 564 2376 illepideque
593 2330 848 2378 Hepidannus
975 2330 1026 2368 78
1059 2327 1114 2380 et]
1147 2342 1185 2368 ae
1217 2332 1255 2368 Ε
1272 2329 1322 2379 (9)
1354 2335 1390 2367 et
1422 2327 1522 2367 cett!
1544 2326 1600 2374 ς”

202 2389 335 2436 premia
367 2388 388 2423 λ
418 2388 575 2435 proemia
605 2399 629 2436 γ
722 2384 864 2437 poscis]
892 2380 976 2422 n'r
1093 2387 1144 2424 79
1176 2383 1307 2437 necue]
1340 2398 1385 2423 ne
1415 2381 1478 2423 λ’1
1499 2386 1541 2434 (d
1559 2386 1587 2435 ι)
1618 2388 1739 2424 necF

196 2456 263 2491 pr.
290 2440 346 2493 (β’
368 2451 400 2479 ει
419 2454 449 2479 π
471 2442 498 2490 1)
617 2443 841 2492 perambulet
871 2444 909 2480 E
926 2444 964 2480 F
984 2443 1005 2478 λ
1027 2442 1063 2491 (r
1082 2443 1112 2491 2)
1143 2443 1367 2492 perambulat
1395 2456 1419 2493 γ
1439 2454 1456 2479 ε
1478 2439 1557 2487 3⁶,-
1580 2456 1603 2480 r
1623 2454 1637 2480 1
1658 2455 1735 2480 non

202 2502 293 2549 liqu.
381 2501 445 2537 atti
475 2500 514 2536 E
529 2509 539 2534 ι
573 2507 613 2537 ut
643 2501 718 2537 uid.
837 2500 892 2538 80
922 2500 1077 2537 clament
1099 2495 1223 2544 52¹5st
1244 2493 1358 2548 Ppk!
1377 2496 1538 2547 Porph!
1558 2501 1679 2538 schol.
1703 2498 1742 2535 Γ

204 2579 333 2614 clamat
362 2588 384 2615 6
415 2550 570 2613 clan'lzffnt
601 2592 625 2616 v
656 2578 811 2613 clamant
838 2592 864 2627 y
950 2580 1088 2627 perisse
1118 2579 1155 2615 Ε
1176 2589 1189 2615 1
1206 2591 1231 2626 y
1252 2573 1364 2627 Ppk!
1466 2579 1517 2616 81
1552 2589 1644 2628 pene
1675 2577 1696 2614 λ,
1716 2589 1735 2614 ε

203 2648 320 2684 poene
349 2650 373 2686 γ
479 2647 525 2673 ea
556 2639 605 2674 σᾶ
635 2635 860 2685 rephendere
890 2648 908 2672 ε
1013 2635 1241 2682 respondere
1271 2635 1414 2670 coneris
1445 2635 1622 2673 Donatus

206 2715 258 2752 82
291 2727 423 2764 esopus
453 2716 491 2752 F
509 2710 547 2751 λ’
669 2714 721 2753 83
753 2710 870 2764 quod]
904 2686 999 2763 qIKtE
1110 2714 1248 2752 ducunt
1276 2715 1315 2751 F
1331 2709 1400 2751 λέ
1421 2712 1459 2761 (σ
1480 2727 1504 2750 α
1525 2715 1551 2751 d
1567 2726 1591 2762 9
1613 2726 1636 2750 r
1656 2726 1681 2750 v
1701 2720 1735 2749 et
1764 2684 1767 2687 -

206 2772 330 2808 Fran.
361 2772 465 2819 Lips.
498 2785 533 2809 a.
565 2771 662 2818 ras.)
693 2772 812 2809 schol.
836 2770 876 2807 Γ
896 2774 1104 2819 interpret..·
1142 2769 1319 2817 ‘putant’
1347 2772 1510 2820 florileg.
1545 2770 1731 2808 Nostrad.

207 2829 462 2875 Hepidannus
491 2829 615 2865 dicunt
647 2829 686 2865 Ε
704 2841 729 2878 γ
752 2827 799 2876 (et
818 2826 844 2878 β
864 2839 894 2863 π
911 2838 924 2864 1
949 2830 1052 2877 Lips.
1075 2827 1106 2875 2)
1125 2838 1151 2874 y
