1890 3106
182 143 267 187 234
702 159 862 187 noun-1
892 158 1189 187 mus'rvnARvM

883 271 1012 311 VIIII

296 361 529 413 Septimius,
562 360 717 407 Claudi,
750 361 937 400 nimirum
969 359 1165 412 intellegit
1194 373 1317 407 unus,
1372 349 1382 356 ⁸

295 435 432 487 quanti
462 446 525 473 me
556 434 687 475 facias.
746 446 836 474 nam
868 446 959 474 eum
989 438 1102 485 rogat
1132 439 1171 474 et
1199 445 1318 485 prece
1349 434 1473 485 cogit,
1533 441 1536 443 ’

295 507 447 547 seilicet
475 512 519 546 ut
549 506 621 547 tibi
653 519 695 547 se
725 507 887 548 laudare
918 513 957 548 et
986 507 1144 548 tradere
1173 519 1315 553 coner,

297 580 460 632 dignum
491 586 625 620 mente
658 580 855 633 domoque
886 581 1053 633 legentis
1085 581 1249 621 honesta
1279 580 1469 627 Neronis,

296 667 461 694 munere
493 667 582 695 eum
614 655 726 706 fungi
756 655 954 707 propioris
984 659 1121 695 censet
1150 655 1287 701 amici;
1689 661 1710 692 5

296 728 386 780 quid
420 729 567 780 possim
599 728 708 768 uidet
737 741 783 768 ac
813 729 923 768 nouit
952 740 1014 768 me
1045 728 1200 769 ualdius
1230 731 1329 781 ipso.

297 801 419 841 multa
450 801 610 853 quidem
643 801 741 847 dixi,
775 814 846 842 cur
877 807 1086 842 excusatus
1116 801 1287 842 abirem:

296 874 364 914 sed
396 875 510 914 timui
540 887 628 914 mea
660 870 709 915 ne
739 875 900 916 finxisse
930 877 1085 915 minora
1116 882 1296 928 putarer,

297 947 564 987 dissimulator
594 950 680 999 opis
710 949 918 1001 propriae,
949 948 1046 988 mihi
1075 948 1307 988 commodus
1337 949 1416 988 uni.

295 1022 352 1061 sic
384 1034 477 1073 ego,
512 1022 672 1061 maioris
701 1022 855 1074 fugiens
885 1021 1099 1074 obprobria
1130 1021 1289 1074 culpae,
1669 1029 1713 1060 10

295 1095 438 1134 frontis
468 1094 516 1134 ad
546 1094 722 1135 urbanae
752 1095 939 1135 descendi
969 1096 1157 1148 praemia.
1218 1095 1359 1148 quodsi

296 1167 518 1220 depositum
549 1168 687 1209 laudas
718 1168 768 1208 ob
800 1170 916 1209 amici
945 1170 1050 1208 iussa
1081 1162 1295 1222 pudorem;

295 1241 427 1281 scribe
459 1242 515 1281 tui
544 1242 676 1293 gregis
705 1241 810 1281 hunc
841 1247 880 1282 et
908 1243 1051 1282 fortem
1083 1242 1203 1282 crede
1232 1242 1470 1294 bonumque.

182 1380 452 1408 TESTIMONIA.

272 1434 289 1466 I
313 1436 345 1469 9.
395 1435 415 1466 6
439 1434 522 1466 Aer.
549 1433 595 1466 ad
621 1436 690 1467 art.
718 1436 814 1476 poet.
840 1435 923 1467 321:
951 1434 1118 1467 ‘ualdius
1144 1445 1208 1478 pro
1233 1434 1412 1475 ualidius,
1438 1437 1481 1467 ut
1506 1434 1615 1468 alibi:
1648 1445 1711 1469 no-

181 1480 237 1513 uit
262 1490 318 1512 me
342 1479 492 1512 ualdius
517 1479 618 1522 ipso’
713 1481 812 1512 7-9
837 1480 991 1523 florileg.
1016 1480 1246 1513 Nostradam.

181 1595 311 1623 VARIA
339 1594 507 1622 LEc'mo.

296 1647 357 1687 ΩΧ
377 1665 435 1683 =
454 1651 493 1687 Ε
510 1663 534 1700 γ
552 1651 591 1687 F
608 1647 648 1686 λ’
669 1650 703 1697 (λ
722 1650 751 1698 l)
772 1663 811 1693 ες
842 1648 894 1695 ς”
914 1665 972 1683 =
991 1656 1060 1689 aut
1080 1663 1177 1689 omn.
1200 1653 1308 1689 codd.
1330 1645 1375 1701 β’
1396 1650 1436 1701 (β
1456 1651 1596 1700 Fran.)
1616 1665 1642 1689 ν
1660 1645 1709 1688 π’

182 1707 225 1755 (π
245 1706 366 1755 Lips.)
388 1717 410 1743 6
430 1720 454 1744 a
473 1719 497 1756 9
518 1720 540 1743 r
559 1719 584 1743 v
606 1706 646 1754 (Ζ)
678 1712 745 1744 aut
773 1709 908 1745 horum
940 1710 1047 1745 codd.
1070 1719 1117 1745 ea
1141 1719 1244 1755 pars
1273 1719 1325 1745 ex
1354 1710 1492 1756 quibus
1509 1721 1585 1747 non
1606 1711 1710 1746 aliae

180 1766 365 1801 lectiones
394 1767 600 1806 rimantur,-
634 1775 656 1808 ς
682 1778 739 1796 =
769 1769 836 1801 aut
867 1776 965 1802 omn.
998 1766 1105 1802 codd.
1136 1778 1160 1801 ν
1180 1773 1203 1800 σ
1225 1777 1248 1801 α
1267 1777 1292 1813 9
1313 1777 1335 1801 r
1354 1777 1380 1801 υ
1405 1764 1446 1813 (l)
1477 1770 1545 1803 aut
1572 1766 1708 1813 horum

182 1822 291 1858 codd.
323 1831 369 1857 ea
394 1831 497 1868 pars
528 1831 580 1858 ex
609 1821 746 1869 quibus
775 1833 849 1858 non
881 1823 984 1858 aliae
1012 1823 1196 1859 lectiones
1225 1825 1412 1858 notantur

267 1883 290 1925 I
311 1883 348 1925 9.
383 1887 439 1923 AD
465 1887 685 1923 CLAVDIVM
706 1887 920 1925 NERONEM
943 1902 967 1939 γ
982 1885 1120 1936 Ελ’(α
1137 1902 1158 1926 r
1173 1901 1199 1925 υ
1220 1895 1253 1924 et
1272 1890 1396 1926 Fran.
1414 1888 1534 1937 Lips.)
1564 1888 1708 1926 SEPTI-

181 1956 278 1993 MUM
308 1953 549 1992 COMENDAT
580 1955 745 1992 NERONI
767 1957 805 1994 Ε
891 1950 910 1993 1
936 1956 1118 2006 Septimus
1142 1958 1181 1994 E
1198 1969 1228 2005 φ
1250 1970 1287 1994 α.
1311 1968 1415 1994 corr.
1448 1958 1469 1993 λ
1493 1969 1561 2004 pr.
1592 1957 1710 2006 Septi-

180 2013 266 2050 miu'
298 2025 316 2050 ε
414 2011 595 2060 intellegit
624 2011 667 2049 ,Ω
697 2011 746 2061 (et
773 2012 801 2050 4
831 2011 988 2060 Bland.)
1083 2026 1121 2051 u.
1154 2013 1178 2050 2
1209 2016 1306 2051 omis.
1335 2015 1351 2051 l
1376 2026 1438 2061 pr.
1472 2020 1534 2049 aut
1564 2024 1599 2056 1,-
1627 2015 1710 2049 item

181 2082 245 2107 uu.
282 2070 301 2106 1
335 2080 391 2117 sq.
422 2069 520 2105 omis.
551 2081 577 2118 y
609 2065 835 2119 [Zalickem.
857 2067 890 2120 1]
1011 2065 1138 2119 [enam
1178 2082 1257 2105 cum
1293 2075 1401 2115 rogat
1430 2072 1463 2105 81.
1497 2082 1553 2116 pr.
1585 2068 1707 2115 cogit’

181 2139 279 2163 omn.
311 2126 419 2163 codd.
453 2125 630 2174 Cruquii:
662 2132 700 2161 at
721 2127 867 2164 Zaliclt.
899 2135 944 2162 Ξ
973 2126 1116 2164 Diuaei
1144 2129 1227 2165 cod.
1249 2138 1262 2164 1
1294 2128 1424 2173 deficit!
1452 2131 1498 2172 cf.
1520 2130 1706 2175 apparat.

180 2185 266 2220 crit.
286 2183 299 2218 l
321 2182 369 2229 2,
392 2178 464 2232 23]
555 2181 578 2217 2
611 2179 710 2233 cum]
743 2195 797 2217 me
826 2196 852 2231 y
873 2196 903 2219 ω
924 2184 1007 2220 Fea
1096 2183 1119 2220 2
1152 2195 1208 2232 sq.
1241 2184 1339 2228 cogit
1369 2183 1527 2227 scilicet,
1559 2187 1601 2218 ut
1628 2196 1708 2218 cum

181 2241 289 2276 codd.
322 2239 548 2287 quibusdam
578 2245 611 2274 et
642 2240 868 2277 editionibus
898 2240 1044 2286 disting.
1076 2241 1277 2278 Bentleius
1304 2242 1365 2275 sed
1393 2244 1438 2286 qs.
1471 2242 1580 2287 epist.
1603 2239 1707 2287 118,

182 2296 233 2333 16
265 2302 298 2331 et
327 2307 416 2340 quae
451 2295 497 2329 ibi
534 2297 783 2332 adnotauimus
896 2308 961 2333 uu.
993 2296 1031 2332 4.
1065 2296 1089 2333 5
1120 2299 1189 2334 del.
1221 2298 1446 2344 Gruppeus,
1483 2297 1588 2334 hunc
1625 2302 1709 2332 ante

178 2354 283 2389 illum
313 2358 501 2397 transpon.
532 2352 738 2390 Mutherus
829 2352 854 2389 4
885 2352 1066 2399 domuque
1087 2354 1171 2390 Fea
1200 2355 1297 2391 idem
1324 2359 1402 2399 post
1426 2353 1578 2390 Neronis
1601 2364 1707 2400 pun—

180 2414 281 2446 ctum
307 2410 409 2455 ponit
494 2420 531 2445 u.
565 2409 589 2446 5
620 2411 688 2445 del.
719 2411 762 2445 A.
797 2409 999 2447 Nauckius
1085 2409 1109 2446 5
1141 2411 1340 2459 proprioris
1369 2422 1393 2459 γ
1480 2409 1504 2447 6
1535 2421 1575 2446 ac
1603 2410 1708 2446 uouit

181 2466 218 2502 E
238 2478 261 2509 ς
278 2464 328 2512 (et
346 2464 386 2515 β)
405 2476 432 2512 y
461 2466 607 2501 aenouit
627 2478 651 2514 γ
671 2465 718 2513 (et
739 2465 877 2513 Fran.)
907 2467 1057 2515 agnouit
1082 2462 1185 2503 cett!
1206 2462 1299 2514 (π’φ·
1318 2464 1358 2513 υ)
1445 2465 1598 2503 ualidius
1618 2477 1643 2514 γ

180 2522 204 2559 8
236 2522 299 2558 Set
319 2534 342 2571 γ
434 2517 497 2571 ne]
520 2532 594 2558 non
616 2521 685 2558 Fi
706 2535 742 2558 α.
768 2534 870 2560 corr.
894 2535 977 2569 opp.
998 2524 1113 2567 flor-il.
1136 2524 1383 2560 Nostradam.
1477 2522 1531 2560 10
1551 2522 1706 2571 opppria

180 2579 218 2614 E
246 2578 439 2627 obprobria
469 2572 570 2614 cett.'
602 2579 800 2624 opprobria
828 2592 853 2615 ν
873 2592 895 2615 r
916 2590 928 2616 1
950 2592 976 2616 υ
1081 2579 1186 2628 culpe
1216 2579 1237 2615 λ
1352 2579 1401 2615 11
1434 2577 1569 2615 urbane
1599 2578 1622 2614 λ

179 2636 337 2683 proemia
369 2635 407 2672 E
491 2646 528 2671 u.
564 2635 614 2672 13
646 2636 742 2671 omis.
773 2647 799 2683 y
830 2631 880 2685 [π
905 2632 990 2688 pr.]
1083 2636 1134 2673 13
1165 2635 1340 2683 bonumq;
1356 2630 1450 2686 sslf]
1471 2647 1496 2684 y
