1930 3094
787 131 1025 158 PRAEFATIO
1628 131 1683 159 XV

88 267 91 269 ·
134 259 178 295 -ν,
217 245 403 285 eiusdem
441 245 606 297 generis
645 257 746 296 quas
785 244 840 283 ad
877 244 962 283 nol.
993 244 1015 282 I
1054 243 1302 296 praebuerat
1340 243 1473 283 codex
1502 245 1553 292 Α,
1595 257 1687 282 cum

132 315 352 366 lemmatis;
400 316 471 352 Ac.
519 331 575 345 =
618 313 828 360 lemmata,
875 315 969 351 Aer.
1012 329 1067 343 =
1120 313 1499 365 interpretationes.
1581 312 1686 351 haec

134 382 291 422 scholia
321 382 403 421 nisi
433 382 477 420 in
508 381 765 421 sermonibus
798 386 838 420 et
869 386 957 420 arte
977 381 1161 432 poetica,
1196 381 1378 432 exceptis
1401 380 1460 420 eis
1489 380 1590 419 locis
1611 379 1684 419 ubi

133 450 239 490 forte
271 450 408 490 deficit
437 464 479 498 ν,
525 454 636 488 certo
675 449 764 487 erui
804 462 889 487 non
920 453 1134 500 poterant,
1176 449 1289 500 quod
1324 462 1424 488 sane
1457 448 1682 488 dolendum

134 524 215 567 est,
254 519 352 571 qnia
389 518 434 556 in
464 517 797 556 Acronianorum
833 529 940 568 quae
972 516 1163 555 dicuntur
1203 530 1374 556 numero
1406 522 1447 556 et
1476 517 1681 556 maximae

135 587 283 626 aetatis
314 592 356 625 et
384 585 550 625 maximi
579 585 687 638 preti
716 590 824 624 sunt.

248 671 428 724 Reliqua
458 670 616 710 scholia
644 670 892 722 marginalia
923 669 1308 722 comprehendimus
1339 670 1460 708 titulo
1489 672 1610 709 schol.
1635 670 1680 718 Γ,

136 754 228 780 cum
256 753 342 779 non
373 739 559 779 solitaria
590 739 632 777 in
663 738 838 790 singulis
860 743 1019 777 tantum
1051 738 1334 790 reperirentur
1353 738 1576 787 codicibus,
1609 738 1684 778 sed

139 807 417 863 compluribus
447 807 582 856 libris,
616 821 708 846 cnm
738 807 830 846 aliis
859 813 947 845 tum
975 821 1018 858 γ,
1053 813 1331 858 congruenter
1354 807 1681 846 continerentur.

134 877 238 916 haec
274 876 448 924 scholia,
492 876 537 914 in
576 875 763 928 epistulis
803 875 1079 927 potissimum,
1126 875 1198 913 nbi
1237 875 1374 914 deficit
1413 876 1528 924 Acr.,
1568 864 1682 914 lssud

134 944 372 998 spernenda
410 959 495 984 non
532 945 622 984 sine
652 944 780 982 multo
811 943 953 982 labore
985 944 1261 996 excerpsimus
1294 957 1316 982 e
1348 943 1557 982 codicibus
1594 946 1683 995 yEr

136 1013 434 1065 Bambe-rgensi
468 1013 771 1052 Barcinonensi
803 1009 882 1063 (α’)
922 1012 1240 1061 Franekerano,
1281 1013 1431 1064 partim
1470 1013 1594 1051 etiam
1632 1026 1684 1051 ex

136 1081 394 1121 Einsidlensi
425 1081 615 1134 aliisque.

248 1170 364 1218 9l083.
403 1167 443 1204 Γ
475 1167 797 1219 significauimus
837 1180 886 1206 ea
921 1166 1077 1205 scholia
1115 1166 1403 1206 interlinearia
1439 1179 1546 1219 quae
1591 1181 1677 1206 non

137 1241 299 1275 tantum
328 1236 371 1274 in
404 1235 546 1274 codice
575 1249 619 1286 γ,
659 1235 734 1274 sed
773 1235 895 1274 etiam
934 1235 977 1273 in
1018 1235 1109 1274 aliis
1140 1241 1186 1273 ut
1216 1236 1258 1273 in
1292 1236 1354 1272 Ea
1384 1235 1683 1287 Bambergensi

134 1304 439 1344 Barcinonensi
471 1300 552 1355 (α’)
587 1309 731 1343 extant
762 1309 804 1342 et
836 1316 858 1342 e
889 1304 1095 1342 communi
1126 1309 1373 1355 uetustoque
1405 1303 1521 1342 fonte
1553 1317 1678 1356 quon-

139 1373 233 1411 dam
262 1372 429 1411 flnxisse
459 1371 648 1424 putanda
678 1377 787 1411 sunt.

249 1458 469 1492 tractatum
506 1451 877 1491 vindobonensem
915 1451 966 1490 de
1005 1444 1094 1490 arte
1132 1452 1315 1503 poetica,
1363 1452 1571 1503 signatum
1617 1466 1678 1492 nr.

138 1520 302 1569 CXLV,
341 1521 496 1560 saeculi
532 1509 594 1569 ἶ,
642 1520 917 1559 Hartelius
964 1520 1250 1568 amicissimus,
1298 1521 1485 1572 quamuis
1531 1535 1682 1573 magna

135 1602 262 1641 opera
291 1589 418 1629 fuerit
446 1589 739 1642 inpendenda,
779 1594 917 1627 tamen
949 1588 1192 1640 rogantibus
1223 1588 1344 1627 nobis
1377 1588 1609 1628 describere
1642 1595 1682 1629 et

137 1658 442 1698 accuratissime
481 1658 671 1698 renidere
718 1671 804 1696 non
845 1657 1067 1696 recusauit.
1134 1662 1196 1696 est
1240 1663 1376 1697 autem
1420 1657 1684 1710 paraphrasis

134 1738 258 1778 quam
291 1726 434 1765 dicunt
464 1727 626 1765 illorum
656 1726 926 1773 scholiorum,
962 1738 1070 1777 quae
1102 1726 1195 1765 Acr.
1228 1726 1475 1766 notauimuS.
1549 1717 1551 1720 ,

1719 674 1807 702 schol.
1828 674 1861 702 Γ

1711 1171 1802 1205 gloss.
1825 1171 1857 1198 I·

1716 1455 1854 1478 tractatu<

1734 1486 1839 1512 Vindo-

1718 1521 1857 1547 bonensis

255 1806 437 1859 denique
461 1805 756 1858 ‚compluribus
794 1805 894 1843 locis
932 1817 1164 1843 sermonum
1192 1801 1360 1844 >scholia
1396 1806 1683 1846 interlinearia
1701 1817 1792 1853 gloss.
1807 1816 1893 1846 Dm*

117 1875 225 1912 'siue
257 1874 379 1925 gloss.
402 1874 588 1913 codicum
609 1871 731 1921 DF6',
764 1886 871 1926 qnae
896 1873 994 1911 item
1023 1879 1069 1911 ut
1090 1874 1212 1925 gloss.
1236 1874 1276 1910 Γ
1299 1888 1350 1912 ex
1370 1889 1454 1913 nno
1477 1876 1684 1914 communi

138 1942 256 1995 qnasi
287 1943 396 1991 rino,
430 1955 676 1995 quamquam
706 1955 851 1995 parum
880 1941 1009 1990 bono,
1042 1956 1231 1982 manasse
1261 1942 1526 1982 manifestum
1556 1949 1631 1983 est.

260 2017 434 2062 Codices
471 2024 615 2075 igitur,
656 2023 728 2074 qui
766 2022 964 2061 famosam
1003 2021 1116 2060 illam
1145 2021 1277 2061 Vettii
1313 2021 1461 2074 Agorii
1490 2022 1684 2061 Mauortii

140 2090 483 2143 subscriptionem
515 2091 680 2143 epodon
700 2089 805 2129 libro
828 2089 1052 2129 subiectam
1075 2089 1290 2138 exhibent,
1322 2090 1366 2128 hi
1386 2096 1483 2129 sunt
1502 2097 1682 2143 septem:

137 2156 291 2211 λ’.(λῑ)9
320 2160 604 2199 Bruxellensis
636 2160 745 2198 9776
775 2158 990 2197 Parisinus
1021 2173 1044 2208 q
1073 2176 1130 2190 =
1161 2159 1271 2197 8216
1302 2158 1552 2211 Reginensis
1573 2159 1682 2198 Tau-

139 2228 331 2267 rinensis.
373 2228 416 2267 id
447 2241 546 2267 uero
578 2240 698 2266 nemo
721 2233 830 2267 certe
852 2227 1003 2266 infitias
1034 2227 1121 2275 ibit,
1146 2241 1274 2266 unum
1295 2240 1499 2280 quemque
1524 2234 1681 2267 nostra-

139 2309 228 2336 rum
259 2296 507 2335 familiarum
537 2296 720 2335 codicem
758 2295 1027 2348 archetypum
1064 2296 1192 2335 multo
1223 2296 1499 2347 antiquiorem
1529 2296 1681 2335 ducen-

137 2364 233 2403 dum
260 2378 348 2404 esse
368 2365 586 2413 Mauortio,
620 2378 741 2416 quem
762 2378 872 2403 anno
894 2365 1111 2405 DXXVII
1133 2378 1174 2416 p.
1198 2363 1294 2404 Chr.
1318 2364 1529 2404 consulem
1555 2364 1682 2403 fuisse

137 2433 300 2472 scimus.
341 2434 481 2486 itaque
511 2447 596 2472 non
619 2431 820 2472 audiendi
850 2439 948 2472 sunt
976 2434 1025 2482 ii,
1058 2434 1129 2485 qui
1155 2433 1374 2472 Horatium
1402 2433 1461 2471 ita
1491 2432 1557 2471 edi
1589 2446 1681 2472 cen—

112 2507 259 2558 *seant
300 2508 507 2554 oportere,
551 2507 596 2540 ut
633 2501 897 2540 Mauortiana
935 2502 1191 2553 potissimum
1234 2507 1387 2541 stemus
1424 2501 1682 2540 recensione.

141 2570 264 2608 immo
297 2583 373 2609 nec
403 2584 576 2623 usquam
596 2570 777 2620 Mauorti
806 2569 1029 2621 singularis
1048 2570 1248 2610 lectiones
1268 2570 1338 2609 nel
1358 2569 1681 2617 emendationes,

139 2638 302 2690 qualem
332 2638 462 2678 habes
495 2639 615 2691 epist.
646 2638 668 2676 I
692 2639 733 2686 1,
759 2639 810 2676 69
844 2637 992 2690 ‘optat'
1024 2652 1098 2690 pro
1130 2638 1291 2690 ‘aptat',
1325 2638 1415 2676 aliis
1447 2642 1678 2690 propterea,

139 2706 250 2757 quod
290 2720 314 2745 a
343 2706 548 2745 Mauortio
587 2707 788 2758 originem
820 2706 1006 2756 trahant,
1047 2706 1365 2758 anteponendas
1401 2718 1489 2744 csse
1521 2705 1679 2744 censui-

138 2787 226 2812 mus
256 2788 333 2813 nec
352 2775 657 2814 Mauortianam
688 2775 968 2814 recensionem
988 2775 1219 2814 studuimus
1241 2775 1453 2821 euincere,
1486 2773 1558 2812 sed
1590 2787 1680 2812 cam

139 2843 355 2883 restituere
377 2844 592 2883 maluimus
615 2844 916 2892 recensionem,
951 2857 1074 2897 qnam
1097 2843 1405 2895 antiquissimus
1428 2841 1678 2895 archetypus

1724 2015 1853 2041 recensio

1703 2047 1881 2075 Mauortiana
