1890 3106
741 139 744 142 Δ
791 173 859 202 vv.
893 171 1028 199 ico-177
1609 156 1692 199 347

270 286 426 338 quaerit
457 290 496 325 et
524 285 699 325 inuentis
729 286 853 325 miser
883 284 1057 326 abstinet
1086 296 1132 325 ac
1162 285 1276 324 timet
1306 285 1383 332 uti,
1630 289 1696 322 170

270 359 332 399 uel
364 359 469 412 quod
500 371 566 399 res
597 360 727 400 omnis
759 359 898 400 timide
928 357 1138 411 gelideque
1168 359 1384 405 ministrat,

270 433 432 479 dilator,
464 446 535 486 spe
565 432 727 485 longus,
760 435 869 473 iners
899 432 1119 485 auidusque
1149 433 1291 483 futuri,

270 508 464 555 difficilis,
496 506 708 560 querulus,
741 506 921 548 laudator
953 508 1145 560 temporis
1176 508 1252 547 acti

269 595 313 622 se
341 594 488 635 puero,
522 582 737 632 castigator
767 593 989 634 censorque
1023 581 1238 621 minorum.

270 655 392 696 multa
423 656 558 696 ferunt
588 656 682 696 anni
711 656 920 696 uenientes
951 654 1160 696 commoda
1192 667 1348 702 secum,
1631 661 1694 692 175

269 729 391 770 multa
422 729 661 771 recedentes
692 729 886 770 adimunt.
947 741 999 769 ne
1028 728 1131 769 forte
1162 728 1307 769 seniles

268 803 508 845 mandentur
538 805 675 844 iuueni
704 808 838 857 partes
868 815 1075 857 pueroque
1105 802 1269 844 uiriles:

155 943 428 972 TESTIMONIA.

249 1000 314 1032 170
337 998 419 1030 Aer.
445 997 492 1030 ad
517 1009 621 1033 serm.
646 998 665 1030 I
692 999 730 1041 1,
756 999 818 1031 42:
846 1000 907 1030 ‘ut
931 998 976 1029 in
1001 1001 1100 1031 arte
1129 997 1333 1040 poetica:
1360 997 1471 1030 miser
1496 1014 1538 1019 —
1563 997 1639 1029 uti’

249 1045 313 1077 173
339 1044 388 1078 cf.
416 1043 559 1076 Seneca
585 1044 630 1076 de
655 1044 711 1076 ira
735 1043 772 1076 11
798 1045 861 1086 19,
887 1044 925 1075 4:
954 1046 1085 1076 ‘senes
1111 1042 1286 1076 difficiles
1311 1045 1349 1075 et
1374 1043 1521 1085 queruli
1546 1045 1651 1075 sunt'

248 1090 313 1122 175
338 1099 391 1131 sq.
418 1089 556 1121 ‘multa
579 1107 625 1113 —
650 1089 839 1122 adimunt’
867 1088 1018 1122 Seruius
1044 1089 1089 1121 ad
1113 1089 1206 1122 Aen.
1225 1090 1257 1121 V
1282 1090 1349 1122 344
1375 1089 1422 1121 cf.
1449 1089 1595 1122 Seneca
1621 1088 1699 1121 dia-

156 1135 229 1178 log.
254 1135 324 1167 VII
350 1135 395 1167 ad
420 1134 630 1167 Gallionem
656 1135 701 1167 de
726 1135 805 1167 uita
830 1135 943 1167 beata
968 1136 1027 1174 20,
1055 1137 1093 1167 3:
1121 1137 1212 1177 ‘ego
1237 1134 1423 1167 fortunam
1449 1144 1520 1166 nec
1545 1135 1696 1167 uenien-

155 1185 229 1214 tem
258 1180 416 1213 sentiam
446 1190 513 1214 nec
545 1180 800 1214 recedentem’
950 1181 1012 1213 177
1039 1179 1275 1223 Eugraphius
1307 1180 1345 1212 in
1376 1180 1526 1213 Terent.
1550 1180 1694 1214 Phorm.

155 1310 284 1337 VARIA
316 1308 484 1336 LECTIO.

274 1372 354 1410 170
385 1370 510 1415 Querit
539 1384 563 1421 y
583 1384 608 1409 u
724 1371 881 1408 abstinet
906 1366 1026 1415 ,Ω’ς”
1053 1372 1172 1420 floril.
1205 1371 1337 1408 Nostr.
1370 1371 1498 1407 abstut
1528 1370 1601 1418 (sic)
1627 1373 1697 1419 flo-

156 1431 265 1479 riley.
286 1431 417 1467 Paris.
442 1427 580 1465 8818ἶὶῑ
668 1440 708 1466 ac
737 1426 859 1478 timet]
894 1431 998 1467 omis.
1023 1428 1052 1465 C
1073 1439 1084 1465 1
1115 1426 1149 1466 ἀ
1180 1428 1283 1464 timet
1305 1428 1335 1465 0
1352 1439 1368 1465 2
1388 1428 1481 1465 Aer.
1506 1430 1559 1465 ad
1581 1439 1696 1465 serm.

156 1487 169 1523 l
199 1488 220 1524 1
250 1488 339 1535 flor.
374 1486 504 1522 Noscr.
540 1486 762 1523 Vincentius
852 1486 929 1524 171
963 1481 1080 1536 quod]
1113 1484 1201 1531 quia
1242 1485 1463 1523 Vincentius
1492 1498 1574 1532 opp.
1605 1487 1694 1534 flor.

157 1545 287 1581 Nostr.
384 1543 500 1579 omnis
531 1543 570 1579 F
585 1556 611 1591 y
634 1539 682 1594 [π
701 1544 874 1591 Montep.
897 1538 1200 1592 Petropolitan]
1235 1553 1360 1579 omnes
1393 1538 1548 1587 cett.';'
1577 1544 1695 1591 florii.

158 1602 407 1638 Nostradam.
503 1599 624 1644 gelide
654 1600 854 1645 timideque
881 1602 971 1649 flor.
1004 1600 1187 1637 Nostrad.
1284 1599 1408 1636 timide
1439 1595 1502 1635 ,ΩΧ
1529 1601 1694 1648 florileg).

157 1658 403 1696 Nostradam.
426 1668 521 1694 cons.
546 1654 585 1702 ς’
616 1657 754 1692 tumide
774 1653 822 1693 π’
911 1657 985 1706 geli
1015 1648 1053 1693 B
1151 1654 1231 1693 172
1264 1655 1408 1694 Delator
1429 1656 1466 1692 B
1552 1668 1698 1694 comma

154 1722 235 1763 post
271 1715 403 1752 dilator
441 1715 511 1751 del.
543 1715 801 1752 Doederlinus
927 1714 1062 1763 longus
1093 1708 1217 1757 Ω,’ς”
1244 1714 1411 1762 florileg).
1446 1714 1695 1751 Nostradam.

157 1773 411 1810 Hildebertus
441 1770 565 1806 lentus
597 1773 799 1809 Bentleius
914 1771 1116 1819 auidusque
1134 1766 1195 1807 ΩΧ
1205 1766 1249 1813 ς’
1294 1774 1456 1808 tractat.
1489 1771 1696 1808 VzQizdohon

80 1826 86 1836 ¹
156 1832 383 1878 florileqium
404 1829 650 1866 Nostradam
673 1829 923 1866 Hildebertus
953 1828 1188 1873 pauidusque
1218 1836 1238 1864 e
1269 1830 1351 1865 cod.
1385 1827 1606 1877 Reyinensi,
1638 1829 1703 1865 ubi

156 1889 297 1935 leyitur
333 1886 448 1922 iners.
458 1871 711 1951 {auidusq:‚
751 1886 972 1926 Bentleius‚·
1007 1887 1069 1920 sed
1102 1889 1147 1930 cf.
1188 1884 1325 1921 Senec.
1365 1888 1475 1932 epist.
1517 1885 1621 1933 101,
1658 1885 1696 1922 8.

161 1944 232 1982 1οε
274 1931 492 1979 ‘maximum
517 1943 604 1977 uitae
636 1943 765 1977 uitium
806 1948 883 1988 est,
922 1941 1022 1988 quod
1059 1942 1267 1987 inperfecta
1297 1953 1442 1988 semper
1479 1948 1557 1986 est,
1598 1942 1697 1988 quod

157 2000 298 2047 aliquid
328 2012 372 2034 ex
402 2000 465 2036 illa
495 2001 741 2035 differtur.
803 1999 867 2046 qui
907 1998 1042 2033 cotidie
1081 1998 1180 2033 uitae
1220 2009 1310 2032 suae
1349 2010 1519 2033 summam
1556 2010 1701 2033 manum

157 2057 352 2104 imposuit,
386 2069 457 2092 non
491 2057 636 2102 indiget
665 2062 843 2102 tempore.
905 2068 957 2091 ex
988 2056 1067 2090 hac
1098 2060 1246 2090 autem
1282 2055 1561 2100 indigentia
1590 2055 1700 2090 timor

159 2114 379 2149 nascitur
409 2120 447 2149 et
477 2114 721 2160 cupiditas
752 2113 910 2148 futuri
941 2113 1102 2148 exedens
1133 2112 1290 2147 animum
1323 2139 1333 2149 .
1357 2138 1366 2147 .
1391 2138 1399 2146 .
1433 2113 1493 2147 cui
1524 2113 1601 2147 uita
1633 2124 1701 2147 sua

159 2171 293 2206 cotidie
323 2171 396 2205 fuit
425 2177 523 2217 tota,
556 2182 712 2205 securus
744 2175 820 2205 est:
851 2171 889 2204 in
921 2182 1023 2217 spem
1057 2170 1271 2204 uiuentibus
1301 2170 1506 2215 proximum
1527 2169 1701 2216 quodque

157 2233 303 2274 tempus
334 2227 492 2264 elabitur
523 2229 698 2275 subitque
729 2227 942 2262 auiditas
975 2231 1012 2262 et
1042 2227 1267 2262 miserrimus
1289 2238 1331 2261 ac
1351 2227 1554 2262 miserrima
1585 2227 1702 2261 omnia

160 2286 326 2320 efficiens
357 2290 477 2321 metus
507 2285 657 2321 mortis'
688 2285 882 2322 Aristotel.
915 2286 1013 2322 rhet.
1046 2284 1074 2320 11
1107 2280 1180 2326 13
1209 2285 1255 2323 8:
1288 2280 1379 2320 καὶ
1408 2281 1598 2333 φιλόζωοι
1630 2280 1697 2320 καὶ

157 2339 327 2392 μάλιστα
367 2337 432 2379 ἔπι
469 2341 518 2391 τῇ
555 2339 759 2380 τελευταία
802 2333 931 2394 ἡμέρᾳ
969 2335 1035 2378 dte}
1072 2332 1115 2377 τὸ
1156 2340 1227 2378 τοῦ
1261 2334 1435 2386 απόντος
1481 2335 1585 2380 εἶναι
1622 2336 1700 2406 vfi‘v

159 2396 405 2463 ἐπιθυμίαν’
438 2401 617 2467 Spplzocl.
649 2399 779 2438 Acrzsss
807 2399 953 2449 fraym.
978 2399 1029 2437 63
1053 2399 1123 2436 Ν.
1155 2397 1246 2436 ετεοῦ
1277 2396 1349 2447 ζῆν
1378 2392 1454 2449 γὰρ
1484 2392 1616 2443 οὐδεὶς
1647 2391 1700 2443 ὦς

159 2448 179 2495 ὅ
208 2452 425 2510 γηράσκων
455 2452 549 2510 ἐρᾷ’
583 2457 733 2495 Statius
762 2455 1066 2505 s.11113‚132:
1100 2454 1267 2490 ‘Aeneas
1299 2456 1408 2490 auide
1438 2457 1566 2491 futura
1587 2467 1699 2502 quae-

160 2514 272 2559 rens’
305 2516 421 2552 Acin:
452 2514 634 2560 ‘cupidus
667 2513 802 2558 futuri,
834 2513 923 2559 quia
953 2525 1096 2558 semper
1126 2525 1240 2548 senex
1260 2513 1389 2548 timore
1411 2514 1538 2547 mortis
1570 2513 1700 2547 uiuere

159 2572 356 2607 desiderum
391 2583 470 2606 nam
501 2572 609 2606 timor
639 2570 766 2604 mortis
797 2570 1019 2604 desiderium
1042 2570 1141 2604 uitae
1163 2568 1243 2604 est'
1353 2571 1432 2608 173
1454 2569 1598 2607 Dificilis
1620 2566 1643 2605 ὃ

160 2629 345 2678 quaerulus
366 2642 397 2677 φ
482 2636 561 2676 post
585 2641 622 2665 u.
648 2627 727 2665 173
749 2628 784 2662 in
801 2639 829 2674 y
853 2623 895 2678 [1
921 2629 1004 2665 cod.
1027 2623 1153 2677 Feae]
1184 2628 1337 2663 insertus
1356 2634 1406 2663 est
1425 2628 1500 2664 hic.-
1531 2625 1701 2661 ‘Laudat

159 2686 401 2732 praeteritos,
434 2691 654 2732 praesentes
686 2684 845 2730 despicit
876 2683 1005 2718 actus’
1105 2683 1185 2722 174
1207 2697 1340 2719 censor
1369 2684 1647 2730 castigatorque
1669 2696 1700 2719 ω

160 2756 241 2790 opp.
264 2736 389 2787 Ω,’ς”
417 2745 507 2791 flor.
541 2743 673 2780 Nostr.
768 2754 834 2778 uu.
868 2740 1106 2779 175—177
1139 2743 1208 2778 del.
1241 2742 1429 2778 Lehrsius
1526 2740 1605 2778 175
1637 2751 1700 2778 ue-

160 2801 292 2837 nientis
315 2801 351 2836 B
456 2800 609 2837 comoda
641 2794 663 2834 d
773 2798 853 2836 176
884 2798 1086 2835 recedentis
1110 2799 1146 2834 B
1243 2794 1396 2848 seniles]
1432 2798 1554 2835 uiriles
1578 2797 1616 2834 B

166 2891 241 2928 177
264 2890 476 2927 Mandantur
506 2904 531 2928 u
561 2859 785 2941 Mandsefstur
815 2889 835 2926 λ
866 2888 973 2937 (recte
1001 2888 1028 2937 l)
1060 2882 1304 2943 Mandanissss
1334 2884 1357 2924 δ
