1890 3106
229 159 313 202 346
699 160 858 200 nomm
885 172 940 198 m:
971 171 1081 198 ARTE
1111 171 1294 199 ΡοΕΤῙοΑ

345 285 494 338 colligit
525 297 569 324 ac
601 284 713 336 ponit
743 288 895 324 temere
927 287 967 322 et
995 287 1170 323 mutatur
1199 283 1240 322 in
1271 282 1404 322 horas.
1698 289 1763 322 160

344 358 537 398 inberbus
567 358 745 404 iuuenis,
778 357 939 397 tandem
970 356 1134 397 custode
1165 360 1339 402 remoto,

346 433 492 484 gaudet
523 433 633 485 equis
664 431 910 484 canibusque
942 437 980 471 et
1010 431 1136 483 aprici
1165 430 1344 482 gramine
1374 431 1523 481 campi,

347 518 487 546 cereus
516 507 557 544 in
588 506 722 546 vitium
752 505 879 551 flecti,
912 503 1175 544 monitoribus
1205 516 1342 556 asper,

346 580 498 620 utilium
529 579 667 620 tardus
697 580 898 632 provisor,
931 577 1120 631 prodigus
1150 578 1273 622 aeris,

347 653 527 694 sublimis
557 653 803 706 cupidusque
835 658 873 692 et
904 657 1031 692 amata
1061 651 1288 704 relinquere
1318 652 1473 703 pernix.
1701 656 1766 689 165

347 728 554 767 conuersis
586 727 726 767 studiis
757 731 866 766 aetas
895 727 1132 778 animusque
1163 724 1291 765 uirilis

349 801 504 852 quaerit
534 812 632 853 opes
664 805 700 840 et
732 800 942 845 amicitias,
974 800 1138 839 inservit
1167 798 1332 844 honori,

347 874 594 914 commisisse
625 878 741 913 cauet
772 873 877 924 quod
909 868 1001 912 mox
1032 877 1186 912 mutare
1216 871 1381 911 laboret.

347 947 470 987 multa
501 959 636 987 senem
668 947 987 986 circumueniunt
1015 945 1286 991 incommoda,
1320 945 1384 985 uel
1416 945 1519 996 quod

235 1086 509 1113 TESTIMONIA.

327 1141 520 1173 161-164
544 1140 705 1172 Ioannes
730 1138 1020 1172 Saresberiensis
1046 1137 1171 1181 policr.
1200 1138 1285 1170 VIII
1309 1139 1353 1170 24
1459 1138 1524 1170 162
1548 1137 1628 1170 uita
1651 1136 1766 1170 Adul-

234 1185 380 1218 beronis
406 1196 436 1219 e.
465 1187 481 1217 1
504 1183 640 1227 [Pertz.
666 1184 776 1216 XIIII
801 1198 845 1211 =
871 1185 941 1216 XII
967 1195 1001 1226 p.
1023 1182 1101 1226 130]
1199 1184 1262 1215 165
1288 1182 1400 1216 schol.
1418 1184 1449 1217 Γ
1474 1182 1510 1226 (γ
1527 1183 1637 1219 Fran,
1665 1183 1768 1215 omis.

236 1230 415 1263 Hauthal.
442 1230 606 1271 Paulyus
632 1229 713 1271 alii)
740 1230 848 1272 epist.
876 1230 912 1262 ΙΙ
939 1232 978 1271 1,
1008 1231 1088 1262 100:
1121 1232 1184 1261 ‘ut
1209 1229 1316 1261 alibi:
1346 1232 1383 1260 et
1407 1231 1532 1261 amata
1557 1228 1766 1270 relinquere

237 1276 602 1319 pernix’166—
613 1276 676 1307 168
700 1274 861 1308 Ioannes
887 1274 1179 1307 Saresberiensis
1204 1274 1332 1316 policr.
1357 1274 1444 1307 VIII
1468 1275 1513 1306 24
1621 1274 1686 1306 166
1711 1283 1765 1316 sq.

235 1322 474 1363 ‘animusque
499 1339 544 1343 —
570 1321 774 1354 amicitias’
802 1321 951 1354 Seruius
977 1319 1023 1352 ad
1041 1320 1132 1355 Aen
1151 1320 1238 1353 VIII
1257 1320 1321 1352 163
1415 1319 1594 1352 169-174
1611 1318 1767 1352 Vincen-

237 1368 312 1400 tius
337 1367 619 1400 Bellouacensis
650 1365 789 1409 specul.
815 1366 944 1398 histor.
970 1365 1041 1398 VII
1065 1366 1108 1398 67
1237 1366 1301 1398 169
1326 1375 1379 1407 sq.
1406 1364 1624 1407 florilegium
1648 1363 1768 1399 Paris.

236 1413 346 1445 8818³
442 1413 504 1444 169
531 1412 578 1446 ef.
597 1411 845 1444 Columbanus
870 1411 918 1443 ad
937 1411 1086 1444 Sethum
1110 1421 1144 1442 u.
1164 1411 1205 1442 21
1235 1410 1332 1453 [eod.
1351 1411 1470 1445 Paris.
1489 1407 1614 1452 8303J:
1640 1409 1770 1442 ‘multa

237 1468 361 1490 senem
387 1457 532 1500 fragilis
557 1460 696 1490 nexant
722 1456 951 1489 incommoda
978 1456 1119 1488 carnis’

236 1586 365 1613 VARIA
395 1584 563 1611 LECTIO.

236 1660 259 1697 γ
282 1648 319 1683 Β
339 1648 376 1684 F
396 1643 435 1690 ς’
458 1646 506 1693 (et
525 1645 648 1693 Lips.)
736 1651 773 1682 et
803 1642 908 1695 iram]
942 1644 1047 1689 plura
1070 1645 1342 1691 Hildebertus,
1375 1645 1404 1681 C
1425 1654 1437 1680 1
1470 1656 1545 1681 non
1575 1645 1694 1693 liquet

237 1717 275 1747 u.
301 1704 381 1741 160
411 1706 515 1740 omis.
538 1703 576 1739 F
596 1714 660 1749 pr.
753 1702 834 1739 160
865 1701 1037 1746 Concipit
1059 1713 1089 1737 ω
1113 1698 1285 1751 [Zarot.]
1309 1701 1478 1747 Peerllc.,
1511 1703 1571 1736 sed
1600 1705 1645 1743 cs.
1670 1700 1768 1738 Stat.

241 1761 309 1797 le.
332 1760 390 1796 XII
413 1758 492 1796 759
581 1770 621 1795 ac
650 1759 760 1807 ponitv
784 1754 897 1802 sz‘g‘
922 1757 969 1805 (et
989 1757 1031 1804 π)
1061 1760 1147 1801 flor.
1172 1758 1303 1795 Nostr.
1334 1769 1376 1791 ac
1405 1761 1520 1803 ponet
1539 1770 1561 1793 r
1581 1756 1628 1805 (et
1647 1756 1770 1805 Lips.)

238 1822 274 1851 et
305 1817 409 1862 ponit
437 1828 462 1864 y
485 1816 636 1852 Hildeb.
669 1819 734 1848 aut
763 1814 868 1860 ponit
895 1827 921 1862 y
1036 1811 1190 1865 temere]
1225 1819 1261 1851 te
1292 1810 1387 1850 mele
1416 1830 1472 1844 =
1502 1819 1538 1850 le
1569 1818 1704 1850 metere
1735 1814 1771 1850 B

352 1877 510 1909 motatur
541 1872 569 1909 G
655 1872 743 1908 hora
773 1872 830 1918 B,
864 1871 893 1907 C
919 1883 996 1908 non
1026 1874 1145 1920 liquet
1263 1871 1340 1908 161
1373 1870 1545 1907 Inberbus
1566 1883 1590 1920 γ
1613 1869 1643 1906 0
1663 1879 1675 1905 1
1699 1867 1735 1921 (r
1754 1880 1771 1907 2

241 1952 344 1999 uar.)
373 1965 398 2000 y
428 1947 679 2001 [Mezeicens]
713 1951 904 1985 Imberbus
924 1964 950 1999 y
975 1947 1054 2001 [V]
1089 1932 1266 1984 imberbis
1293 1962 1312 1985 τ
1340 1955 1381 1986 ut
1409 1951 1485 1986 uid.
1525 1948 1712 2000 lnberbsss
1744 1948 1774 1985 0

243 2008 402 2045 inberbis
433 2009 470 2044 F
485 2009 506 2044 λ
528 2005 550 2043 ὁ
572 2021 596 2044 u
617 2004 711 2055 (π’σ
731 2020 754 2044 α
777 2020 798 2043 ν
818 2007 857 2055 v)
876 2009 1037 2056 floriley.
1063 2008 1307 2045 Nostradam.
1338 2006 1562 2043 Vincentius
1592 2005 1770 2040 Imberbis

237 2075 263 2126 β
272 2068 309 2112 ’τ
330 2079 343 2113 l
365 2077 616 2113 Hildebertus
635 2075 806 2113 Ioannes
828 2076 1030 2112 Saresber.
1061 2075 1196 2112 lberbis
1219 2075 1255 2111 Β
1263 2091 1275 2117 ,·
1308 2073 1508 2111 Charisius
1536 2075 1598 2111 lib.
1622 2073 1634 2109 I
1651 2085 1692 2121 p.
1717 2073 1770 2111 95

238 2135 309 2170 K..-
348 2131 517 2166 ‘inberbi
548 2137 666 2166 autem
697 2132 892 2176 dicuntur,
933 2144 1005 2165 non
1037 2132 1230 2166 inberbes:
1269 2130 1322 2164 sic
1352 2130 1447 2165 enim
1478 2133 1515 2164 et
1543 2129 1662 2164 'Varro
1694 2159 1703 2166 .
1726 2158 1734 2167 .
1760 2156 1768 2166 .

238 2195 275 2224 et
305 2189 436 2223 Cicero
463 2215 471 2223 .
495 2214 503 2222 .
526 2218 533 2225 .
566 2189 677 2222 Titus
708 2189 841 2222 Liuius
874 2192 993 2223 autem
1020 2188 1144 2223 XVIII
1175 2187 1341 2222 inberbis
1372 2186 1634 2232 singulariter'
1656 2187 1772 2224 Aer..-

238 2245 445 2280 tinber-bus
477 2251 514 2279 et
547 2245 734 2289 inberbis,
778 2245 874 2279 sicut
911 2245 1074 2280 inermus
1114 2250 1150 2279 et
1178 2243 1350 2279 inermis'
1389 2245 1582 2290 recepimus
1608 2247 1771 2289 sormam

240 2304 410 2338 rariorem
528 2301 606 2339 162
639 2302 751 2350 aequis
783 2302 819 2338 F
933 2302 1011 2339 163
1044 2301 1185 2354 Cereus
1216 2298 1262 2351 β’
1293 2302 1419 2335 ferens
1460 2301 1679 2338 Vincentius

241 2361 370 2396 [licium
403 2358 423 2394 λ
446 2354 468 2393 δ
490 2370 503 2395 1
591 2358 704 2395 flectit
732 2371 757 2408 y
874 2358 952 2395 165
985 2358 1164 2403 cupidus,
1196 2359 1319 2393 omisso
1351 2368 1443 2404 que,
1486 2358 1706 2394 Vincentius

243 2416 320 2454 166
351 2415 525 2452 Conuersi
556 2416 593 2451 Β
679 2407 868 2463 animfique
890 2415 927 2450 B
1014 2415 1135 2451 uiriles
1167 2415 1203 2450 B
1300 2413 1378 2451 167
1412 2412 1539 2458 Querit
1569 2425 1593 2450 u
1685 2413 1770 2449 ami-

240 2474 343 2509 cicias
375 2471 395 2507 λ
426 2472 592 2508 amititias
615 2480 649 2519 ψ
671 2484 695 2508 u
726 2472 896 2507 amiticias
920 2472 948 2508 0
1062 2475 1126 2508 uu.
1150 2470 1373 2508 168—170
1404 2473 1506 2507 omis.
1530 2466 1554 2504 δ
1571 2482 1650 2517 pru,
1682 2470 1770 2506 add.

239 2532 276 2566 in
308 2532 480 2577 maryine
510 2531 713 2575 superiore
838 2528 916 2566 168
949 2527 1197 2564 commississe
1232 2528 1264 2563 Β
1366 2538 1448 2563 mox
1478 2531 1617 2563 mutare
1646 2537 1670 2574 γ
1691 2525 1728 2561 Β
1750 2525 1770 2561 λ

241 2598 345 2623 corr.
368 2597 382 2622 ι
403 2590 507 2622 aut2
528 2598 553 2622 u
575 2580 635 2633 (’β
645 2598 668 2621 α
690 2596 714 2620 υ
734 2591 766 2619 et
787 2585 890 2632 Lips.
913 2584 942 2632 2)
964 2586 1056 2622 Aer.
1082 2589 1240 2621 tractat.
1276 2584 1480 2621 Vindobon.
1502 2584 1668 2643 floriley.
1690 2581 1766 2619 Νο-

241 2645 426 2680 stradam.
458 2642 628 2679 Ioannes
659 2642 861 2678 Saresber.
894 2652 976 2678 mox
1006 2646 1143 2678 motare
1166 2641 1195 2678 C
1222 2644 1428 2689 permutare
1449 2640 1487 2676 F
1505 2639 1525 2674 λ
1534 2630 1578 2673 ’δ
1598 2637 1635 2684 (σ
1654 2650 1674 2673 τ
1695 2651 1717 2674 r
1736 2645 1771 2674 et

241 2711 270 2734 π
290 2700 576 2745 corr.Lips.1;
605 2703 745 2732 mutare
766 2697 891 2745 πρν.)
923 2702 1008 2743 post
1038 2702 1178 2731 mutare
1197 2710 1223 2745 y
1246 2693 1350 2747 [eod.
1373 2691 1549 2746 Gonodii]
1581 2706 1662 2729 mox
1693 2706 1771 2729 mu-

242 2757 320 2789 nire
339 2768 364 2802 y
389 2752 621 2805 [Helmstad.
645 2751 808 2804 Mellzssc]
837 2755 873 2788 in
902 2756 965 2789 hoc
993 2767 1058 2790 usu
1084 2755 1284 2800 particulae
1312 2765 1392 2787 mox
1411 2768 1467 2782 =
1493 2758 1615 2798 postea
1634 2758 1771 2788 ueteres

239 2813 494 2857 grammaticos
514 2813 662 2847 haesisse
684 2817 834 2857 apparet
854 2824 896 2845 ex
918 2811 1030 2848 Seru.
1052 2813 1104 2847 ud
1120 2821 1247 2859 qeory.
1270 2810 1280 2845 l
1305 2809 1357 2845 24
1377 2808 1441 2844 ubz‘
1455 2811 1603 2844 eandem
1624 2811 1665 2843 ob
1685 2822 1769 2844 cau-

241 2882 314 2903 sam
349 2870 444 2905 Hor.
480 2880 512 2904 c.
538 2868 580 2904 III
611 2869 655 2916 6,
689 2868 742 2906 48
774 2870 925 2914 adlegat
1033 2867 1111 2905 169
1143 2863 1368 2917 incssomoda
1399 2862 1423 2901 ὃ
1453 2863 1714 2916 insscommoda
1743 2877 1770 2903 u
