1820 3094
133 125 212 168 118
689 138 848 165 HoRA'rI
880 138 1103 165 snRMONVM
1140 152 1142 156 -

246 264 333 292 cum
365 250 531 291 Ilionam
564 249 754 295 edormit,
788 248 960 289 Catienis
991 247 1099 288 mille
1130 247 1311 288 ducentis

244 325 412 370 ‘mater‚
443 330 482 363 te
513 323 710 376 appellol’
743 321 1015 362 clamantibus.
1076 321 1169 362 huic
1199 333 1272 374 ego
1303 320 1441 374 uolgus

245 399 373 439 errori
402 397 570 438 similem
592 401 788 437 cunctum
818 397 994 436 insanire
1025 394 1188 435 docebo.

243 473 393 512 insanit
421 476 580 512 ueteres
610 476 759 511 statuas
790 469 1048 523 Damasippus
1079 469 1289 510 emendo:

243 548 397 598 integei
429 550 489 585 est
518 546 661 585 mentis
692 545 919 597 Damasippi
949 543 1146 584 creditor?
1186 548 1284 584 esto
1611 550 1655 583 65

246 621 408 672 ‘accipe
440 618 544 670 quod
576 631 778 671 nunquam
810 618 955 659 reddas
985 618 1105 657 mihi'
1137 619 1171 658 si
1202 617 1274 658 tihi
1303 593 1452 663 dicam;

244 699 339 734 tune
369 694 533 733 insanus
565 694 644 733 eris
674 694 707 732 si
736 692 962 744 acceperis?
993 704 1043 731 an
1075 693 1198 744 magis
1229 704 1369 731 excors

245 769 391 808 reiecta
423 766 590 819 praeda,
623 779 739 819 quam
770 777 962 818 praesens
991 765 1212 805 Mercurius
1241 766 1340 805 sert?

245 840 373 881 scribe
404 841 542 881 decem
574 855 595 882 a
625 841 764 881 Nerio:
797 852 876 880 non
908 844 967 879 est
997 840 1109 886 satis,
1142 839 1242 879 adde
1273 839 1431 880 Cicutae

218 915 386 955 ,nodosi
415 913 567 964 tabulas
598 919 778 959 centum,
811 912 918 954 mille
949 912 1049 953 adde
1080 918 1257 958 catenas;
1617 919 1662 951 70

247 988 407 1039 effugiet
436 994 571 1029 tamen
601 988 700 1027 haec
730 987 947 1027 sceleratus
976 985 1135 1026 uincula
1164 985 1344 1027 Proteus.

245 1075 336 1103 cum
365 1063 498 1114 rapies
527 1062 570 1102 in
601 1062 662 1101 ius
691 1060 804 1101 malis
834 1059 1030 1100 ridentem
1061 1059 1234 1105 alienis,-

132 1228 399 1256 TESTIMONIA.

223 1295 267 1326 64
291 1294 447 1327 historia
472 1292 696 1337 pontificalis
726 1295 769 1327 39
797 1290 969 1338 [monum.
997 1292 1116 1327 Germ.
1145 1292 1209 1325 SS.
1239 1292 1309 1326 XX
1334 1288 1418 1336 542]
1512 1293 1557 1326 69
1581 1291 1662 1330 Ser-

133 1340 216 1372 uius
241 1339 289 1372 ad
313 1340 403 1372 Aen.
430 1340 502 1373 VII
526 1340 593 1371 422
627 1339 770 1372 ‘scribe
796 1334 924 1372 decem
947 1338 1078 1371 Nerio’
1112 1337 1227 1371 schol.
1251 1337 1372 1372 Persii
1394 1338 1435 1378 2,
1462 1338 1506 1375 14

135 1386 176 1418 71
204 1385 252 1417 cf.
279 1385 376 1428 quod
402 1395 446 1417 ex
472 1384 655 1428 Appuleio
680 1384 912 1417 laudauimus
938 1384 1190 1416 testimonium
1214 1383 1262 1416 ad
1287 1383 1395 1427 epist.
1419 1383 1438 1416 1
1463 1384 1498 1423 1,
1523 1384 1568 1417 90

135 1556 262 1584 VARIA
296 1556 447 1583 LECTIO
454 1575 461 1582 .

249 1625 299 1662 61
332 1624 488 1661 edormit
519 1625 660 1674 Εγλψ
679 1637 719 1672 p.
742 1634 824 1662 ras.
848 1618 887 1668 ς’
906 1619 1066 1671 Ρονρή.’
1098 1622 1264 1660 edormiit
1284 1614 1324 1660 F
1338 1622 1379 1671 (l)
1398 1636 1426 1672 y
1457 1622 1529 1658 ‘Et
1559 1624 1665 1662 edor-

133 1682 197 1716 rnit
231 1693 298 1727 pro
337 1681 538 1726 praeterito
576 1681 692 1726 accipi
731 1681 804 1715 non
842 1692 908 1726 pro
947 1679 1136 1726 praesenti
1181 1680 1291 1714 debet
1327 1678 1445 1728 (dedit
1479 1681 1665 1730 Ρονρῇγ

133 1734 293 1786 Porph.'
409 1737 561 1771 Ilionam
591 1737 724 1772 dormit
750 1750 776 1784 y
807 1737 926 1771 Iliona
955 1736 1088 1771 dormit
1117 1736 1338 1785 Lennepius
1422 1738 1572 1774 catienis
1601 1735 1666 1776 52'

135 1795 183 1843 (ψ
204 1807 290 1832 uar.
312 1807 376 1841 per
396 1793 612 1842 errorem)g
618 1791 715 1842 ‘P.f
736 1794 846 1842 Porf.
869 1793 940 1830 Ac.
963 1794 1055 1830 Acr.
1089 1794 1224 1830 catenis
1255 1805 1285 1841 φ
1307 1805 1396 1831 aar.
1429 1793 1588 1829 canionis
1606 1807 1665 1845 93!

134 1852 232 1900 Pplz.
264 1851 409 1898 Porph.
500 1851 551 1889 62
582 1851 725 1900 appello
756 1852 846 1888 EF
871 1849 909 1898 (v
928 1858 988 1900 σς]
1005 1850 1032 1897 l)
1063 1849 1180 1898 apello
1211 1861 1234 1899 γ
1254 1850 1274 1886 λ
1301 1843 1359 1900 (β’
1367 1863 1390 1887 α
1409 1848 1444 1898 r)
1531 1851 1665 1902 uulgus

136 1910 174 1946 E
191 1907 227 1957 (ρ
243 1907 278 1955 r)
309 1907 460 1957 uolgum
491 1908 511 1944 λ
543 1908 695 1957 uulgum
715 1920 739 1957 γ
761 1909 799 1944 F
824 1918 927 1944 corr.
952 1902 1010 1957 (’β
1015 1919 1035 1942 ν
1052 1917 1069 1943 2
1086 1914 1109 1942 σ
1125 1905 1163 1953 α)
1195 1906 1337 1943 uultum
1357 1908 1395 1943 F
1413 1905 1479 1954 (vi
1511 1911 1552 1945 ut
1573 1905 1664 1958 uid.)

137 1965 300 2010 uulgfisl
330 1964 472 2012 (littera
501 1977 525 2010 g
552 1967 591 2002 in
623 1975 739 2002 erasa
769 1970 783 2000 t
811 1968 853 2001 ut
874 1963 965 2011 uid.)
1055 1958 1106 2001 63
1131 1962 1277 2000 Errorez
1299 1964 1337 2000 E
1373 1962 1503 2000 Errore
1532 1965 1571 2002 F
1599 1977 1663 2014 pr.

136 2022 163 2070 (l
184 2021 212 2070 1)
233 2034 314 2068 opp.
340 2022 409 2058 Ac.
489 2015 661 2072 similem]
695 2021 819 2057 similis
841 2021 879 2057 F
953 2016 1143 2070 cunctum]
1175 2025 1303 2056 cuncta
1323 2021 1361 2057 F
1374 2032 1437 2067 pn.
1462 2020 1490 2066 (l
1510 2033 1548 2058 a.
1569 2022 1665 2070 ras.)

134 2091 159 2127 y
244 2090 309 2115 uu.
334 2077 386 2115 64
407 2089 463 2126 sq.
483 2078 624 2113 inverso
643 2078 765 2112 ordine
784 2078 819 2112 in
838 2089 865 2124 y
880 2072 1126 2126 [Valentiam.
1132 2070 1144 2128 j
1227 2073 1322 2114 64‘
1333 2077 1356 2110 ἧ
1380 2075 1531 2114 insanit
1554 2078 1665 2122 hyro-

137 2135 239 2169 nicos
265 2135 282 2170 ἰ
309 2134 599 2183 interrogatiuq'
629 2135 747 2171 schol.
769 2146 793 2184 γ
877 2145 942 2170 uu.
967 2133 1019 2171 65
1041 2145 1096 2182 sq.
1125 2134 1263 2168 inuersa
1292 2134 1414 2168 ordine
1440 2133 1476 2168 in
1490 2144 1517 2181 y
1540 2129 1663 2184 [lips.

133 2188 217 2242 pru]
266 2210 269 2213 ·
307 2191 478 2228 creditor.
501 2195 581 2225 esto
603 2191 850 2228 Duentzerus
947 2190 998 2228 66
1021 2201 1204 2238 nunquam
1227 2191 1264 2227 Ε
1272 2188 1327 2238 (α)
1349 2201 1544 2238 numquam
1565 2187 1666 2229 cett.¹

136 2242 182 2291 ς’
257 2244 359 2298 si]sit
379 2247 400 2283 λ
418 2260 481 2294 pr.
563 2248 614 2285 67
647 2247 817 2296 acciperis
839 2248 878 2283 Ε
963 2247 1014 2284 68
1035 2247 1177 2283 Reiacta
1198 2259 1222 2295 y
1301 2247 1351 2284 69
1382 2244 1524 2298 decem]
1547 2244 1664 2285 doteu'n

139 2305 268 2342 Seruii
287 2305 369 2341 cod.
392 2305 528 2352 Reyin.
552 2304 669 2351 (deam
689 2304 818 2340 Paris.
844 2303 968 2351 7929)
989 2316 1070 2350 opp.
1094 2304 1162 2340 Ac.
1188 2300 1299 2351 Ppte!
1386 2315 1407 2336 a
1438 2303 1541 2338 nerio
1572 2302 1612 2351 (a
1633 2312 1667 2341 ct

138 2373 235 2398 omn.
259 2362 367 2398 codd.
387 2360 519 2409 Cruq.)
540 2362 609 2398 Ac.
629 2362 726 2405 Aer.
747 2361 869 2412 anerio
892 2357 1007 2404 52'3'
1023 2361 1123 2408 Pph.
1153 2360 1256 2394 nerio
1278 2359 1359 2407 (om.
1378 2358 1413 2407 a)
1435 2366 1459 2395 σ
1480 2371 1584 2397 corr.
1604 2373 1666 2410 91]
1698 2390 1702 2395 .
1774 2343 1786 2352 Ὗ

137 2418 203 2465 Pf.
226 2418 344 2455 schol.
367 2417 496 2454 Persii
524 2416 536 2434 ‘
562 2446 569 2453 .
595 2446 603 2454 .
629 2445 637 2453 .
671 2417 751 2461 lege
772 2417 895 2451 decem
926 2415 1094 2464 (duodeci
1115 2416 1227 2464 Porf.
1251 2416 1373 2450 decem
1392 2415 1504 2464 Porf.
1526 2419 1665 2467 mary.)

136 2485 343 2519 tabularum
364 2496 456 2531 quas
477 2485 592 2519 Nerio
614 2483 800 2518 instituit'
831 2481 993 2532 Porph!
1023 2484 1192 2531 ‘quidam
1212 2483 1337 2518 anerio
1364 2479 1434 2529 ὑφ’
1452 2480 1496 2519 ἓν
1517 2476 1663 2532 (ῨΦΗΝ

137 2542 283 2588 Porplz.
315 2540 431 2578 ’ῡΦΗν
469 2540 596 2589 Porf.)
633 2540 783 2585 legunt'
823 2537 982 2588 Por-ples
1021 2539 1189 2587 ‘quidam
1228 2540 1353 2574 anei-io
1393 2551 1505 2574 unum
1535 2553 1665 2577 nomen

139 2611 223 2632 esse
262 2598 409 2641 dicunt,
450 2598 510 2631 alii
550 2609 639 2632 uero
678 2606 853 2642 separant
889 2598 1200 2643 praepositionem
1237 2601 1274 2631 et
1310 2596 1364 2630 sic
1402 2609 1531 2631 nomen
1570 2598 1664 2633 infe-

141 2659 246 2688 runt:
284 2654 421 2697 Nerio,
460 2654 612 2688 ablatiui
652 2665 774 2688 casus.
834 2654 974 2688 Nerius
1005 2658 1126 2689 autem
1163 2654 1245 2688 siue
1274 2652 1436 2687 Anerius
1467 2657 1505 2688 et
1534 2654 1666 2690 Cicuta

139 2712 369 2745 feneratores
399 2710 573 2745 fuerunt'
603 2710 696 2748 Aer.
787 2710 838 2747 71
870 2709 1003 2760 Effugit
1034 2712 1072 2747 E
1164 2716 1280 2747 tamen
1309 2704 1416 2761 haec]
1449 2711 1505 2747 bis
1532 2711 1666 2748 habuit

140 2766 160 2802 λ
188 2779 249 2813 pr.
339 2767 427 2804 haec
456 2764 671 2818 sceleratus]
705 2767 764 2803 hic
792 2767 969 2804 celeratus
1002 2768 1040 2804 E
1136 2771 1287 2816 proteus
1305 2761 1365 2802 52'
1386 2765 1439 2814 (a)
1470 2766 1537 2804 Ac.
1569 2767 1661 2804 Aer.

139 2823 274 2871 cptheus
297 2830 330 2870 ψ
354 2834 456 2860 corr.
482 2821 520 2870 ς’
601 2823 651 2862 72
673 2822 787 2860 rabies
810 2824 848 2860 Ε
864 2822 912 2873 (9)
935 2836 1015 2870 opp.
1037 2819 1149 2873 Pplz.'
1232 2823 1287 2859 ius
1307 2822 1345 2859 Ε
1357 2834 1381 2873 γ
1398 2835 1486 2860 uar.
1505 2835 1535 2872 φ
1557 2834 1661 2862 corr.
