1890 3106
790 131 873 158 LIB.
898 130 930 156 11
954 130 985 163 1,
1012 129 1148 154 121--14‘1
1653 112 1735 154 297

314 245 443 295 poscit
473 255 589 295 opem
622 242 768 282 chorus
798 248 836 282 et
856 242 1092 294 -praesentia
1125 242 1285 281 numina
1316 242 1458 287 sentit,

317 317 499 358 caelestis
530 316 717 370 implorat
747 328 869 370 aquas
899 316 1013 356 docta
1045 328 1167 368 prece
1198 315 1387 361 blandus,
1674 319 1738 352 135

314 393 458 431 auertit
490 391 672 438 morbos,
706 391 916 431 metuenda
948 390 1126 443 pericula
1158 389 1290 442 pellit,

312 467 500 518 impetrat
531 471 570 505 et
599 477 739 517 pacem
771 470 811 504 et
839 464 1080 517 locupletem
1111 463 1298 516 frugibus
1329 476 1502 504 annum:

313 540 489 579 carmine
520 539 560 578 di
591 540 724 591 superi
755 538 981 590 placantur,
1016 539 1192 579 carmine
1221 539 1369 578 Manes.

314 613 511 665 agricolae
543 614 688 666 prisci,
721 613 845 652 fortes
874 625 1081 665 paruoque
1113 612 1238 657 beati,

313 687 469 727 condita
500 692 590 740 post
619 687 819 727 frumenta
850 686 1030 727 leuantes
1060 691 1242 739 tempore
1274 686 1373 726 festo
1675 691 1740 723 140

312 773 455 814 corpus
487 766 526 800 et
556 762 685 813 ipsum
718 762 891 800 animum
925 773 995 813 spe
1026 762 1117 801 finis
1149 760 1246 800 dura
1278 761 1494 806 ferentem,

313 849 402 876 cum
432 837 548 876 sociis
577 848 744 888 operum
774 836 909 888 pueris
940 840 979 875 et
1009 835 1178 887 coniuge
1209 834 1283 874 fida

313 908 514 950 Tellurem
546 922 688 962 porco,
723 908 927 950 Siluanum
956 909 1059 949 lacte
1090 908 1271 962 piabant,

313 983 476 1024 floribus
508 989 548 1024 et
577 984 672 1024 uino
703 983 872 1024 Genium
904 995 1124 1024 memorem
1155 983 1291 1024 breuis
1321 984 1422 1023 aeui.

312 1057 558 1099 Fescennina
588 1069 660 1110 per
690 1058 799 1098 hunc
827 1058 991 1098 inuenta
1020 1056 1179 1098 licentia
1210 1069 1364 1098 morem
1675 1061 1740 1092 145

312 1132 499 1173 uersibus
530 1131 693 1172 alternis
723 1131 939 1185 obprobria
969 1132 1119 1172 rustica
1150 1131 1270 1178 rudit,

312 1206 556 1260 libertasque
587 1208 834 1247 recurrentis
864 1211 1026 1260 accepta
1056 1219 1130 1260 per
1161 1218 1287 1247 annos

201 1374 472 1402 TESTIMONIA.

293 1436 358 1469 136
383 1434 530 1468 eebasis
555 1435 698 1478 captiui
723 1446 757 1470 u.
783 1437 867 1469 737:
894 1435 1061 1468 ‘morbos
1086 1436 1240 1475 auertit,
1266 1434 1464 1468 metuenda
1488 1446 1529 1478 p:
1556 1437 1621 1478 p:’

293 1481 358 1513 145
383 1480 536 1514 Seruius
559 1483 646 1514 test.
671 1481 753 1513 Fea
779 1482 826 1514 ad
850 1481 940 1514 Aen.
967 1481 1038 1515 VII
1062 1482 1129 1515 695
1230 1480 1493 1514 ‘fescennina’
1519 1479 1655 1513 incerti
1681 1490 1742 1512 ex-

201 1529 330 1569 cerpta.
354 1527 564 1569 arg-umenti
588 1527 820 1569 grammatici
843 1527 863 1567 ἓ
889 1527 933 1560 67
958 1537 992 1570 p.
1010 1528 1075 1559 211
1102 1526 1275 1560 Eichenf.
1302 1529 1339 1559 et
1362 1526 1470 1562 Endl.
1565 1527 1629 1559 14‘1
1655 1525 1742 1559 Ser-

201 1572 284 1606 uius
308 1571 357 1605 ad
382 1581 507 1615 georg.
531 1571 570 1605 11
595 1573 663 1606 385

200 1722 330 1751 VARIA
358 1721 525 1750 LEGTIO.

316 1790 397 1829 134
429 1805 437 1828 z
461 1803 469 1826 :
492 1792 584 1827 oscit
614 1801 632 1827 ε
661 1790 797 1826 Poscet
825 1787 870 1841 β’
958 1793 1139 1841 presentia
1169 1805 1193 1842 y
1214 1792 1237 1828 λ
1322 1793 1443 1829 numia
1472 1792 1511 1829 F
1537 1769 1672 1839 (numia
1693 1790 1742 1839 ψ)

318 1847 398 1886 135
430 1847 603 1885 Caelestis
637 1849 676 1885 E
692 1860 716 1897 γ
739 1844 833 1898 (πά
855 1845 889 1896 r)
919 1849 986 1896 Pf.
1008 1861 1034 1896 y
1058 1845 1260 1899 [Bruxell.
1283 1849 1498 1886 Mellicens.
1522 1848 1742 1896 Montepes-

202 1907 274 1943 sul.
305 1906 514 1954 Reqinens.
543 1916 555 1942 1
597 1902 835 1956 Valentiam]
869 1905 1031 1940 Celestis
1059 1918 1084 1954 9
1113 1906 1212 1954 Pph.
1245 1906 1428 1943 Caelestes
1458 1906 1496 1943 F
1513 1916 1532 1942 ε
1552 1901 1649 1955 (βίἰ
1665 1907 1679 1942 l
1700 1905 1742 1953 v)

201 1962 361 2000 Celestes
392 1961 413 1998 λ
434 1960 484 2010 (σ)
591 1962 760 2011 implorat
791 1956 904 2008 Ω,’ς’
925 1962 974 2011 (et
993 1961 1135 2010 Fran.)
1164 1962 1231 2011 Pf.
1262 1962 1426 2008 inplorat
1455 1974 1478 1998 a
1500 1962 1548 2010 (et
1567 1961 1608 2012 β)
1638 1963 1740 2011 Pplz.

314 2018 466 2056 blandus
480 2019 528 2056 Ἐ
541 2030 606 2067 pr.
624 2020 663 2057 F
679 2011 744 2056 λέ
768 2030 779 2056 1
800 2033 824 2070 γ
844 2032 933 2057 uar.
954 2015 995 2064 ς’
1018 2019 1066 2071 (et
1085 2019 1128 2068 π)
1148 2019 1300 2056 blandos
1322 2020 1361 2057 Ε
1374 2031 1478 2057 corr.
1501 2031 1525 2068 γ
1545 2029 1564 2055 ε
1579 2030 1597 2056 2
1611 2018 1648 2067 (σ
1667 2031 1692 2055 α
1709 2027 1742 2056 et

201 2075 320 2125 Lips.)
392 2088 469 2114 non
485 2080 576 2123 post
596 2075 763 2124 blandus,
783 2078 853 2115 sed
868 2083 957 2125 post
977 2088 1088 2126 aquas
1109 2088 1254 2115 comma
1271 2088 1365 2124 pon.
1385 2077 1493 2114 codd.
1512 2083 1545 2112 et
1560 2076 1689 2114 Bentl.

204 2134 283 2172 137
315 2133 470 2183 Imperat
499 2145 523 2182 γ
544 2145 562 2170 ε
584 2144 596 2169 1
619 2132 660 2182 (d
679 2144 692 2170 1
713 2146 736 2170 r
752 2134 832 2182 pr.)
862 2134 1033 2183 Impetrat
1057 2128 1223 2178 cett.‘;''
1245 2133 1310 2182 Pf.
1343 2134 1513 2180 Inpetrat
1540 2134 1639 2181 Pph.

205 2190 284 2228 138
307 2189 461 2227 Crimine
482 2202 499 2227 ε
522 2201 534 2226 1
613 2190 649 2227 (ἱί
670 2185 730 2227 ,Ω’
817 2192 964 2228 crimine
985 2202 1002 2227 ε
1025 2202 1037 2228 1
1120 2191 1199 2229 139
1222 2191 1392 2240 Agricole
1412 2190 1434 2226 λ
1524 2190 1605 2229 140
1625 2184 1648 2239 ῤ
1674 2191 1708 2228 Ε
1725 2203 1743 2228 ε

202 2246 255 2295 (d)
285 2253 370 2296 post
400 2240 567 2291 cett-'‘3''
588 2242 702 2295 Pplz.'
809 2248 971 2286 leuantes
1001 2250 1036 2284 in
1066 2249 1296 2295 suspicionem
1325 2254 1433 2284 uocat
1462 2248 1507 2284 A.
1543 2247 1744 2286 Nauckius

317 2317 354 2342 u.
380 2302 458 2341 141
490 2311 575 2341 ante
603 2317 641 2342 u.
669 2304 749 2343 140
776 2318 861 2352 pon.
891 2317 918 2353 y
942 2302 1085 2356 [Fran.
1110 2302 1142 2357 1]
1176 2307 1337 2343 eundem
1369 2307 1438 2342 del.
1468 2305 1514 2341 A.
1540 2306 1743 2343 Nauckius

319 2360 399 2398 142
430 2362 573 2410 pueris,
606 2365 743 2400 omisso
774 2369 831 2411 et,
861 2375 886 2412 γ
906 2375 924 2400 ε
947 2359 999 2407 ς”
1021 2363 1149 2400 Bentl.
1182 2369 1219 2400 et
1249 2363 1371 2412 pueris
1402 2363 1440 2399 E
1458 2363 1495 2400 F
1512 2358 1552 2398 λ’
1573 2361 1628 2409 (υ)

206 2442 286 2480 143
317 2423 426 2490 Ροΐῖο
456 2455 480 2491 γ
516 2453 626 2490 parco
658 2454 676 2478 ε
700 2454 768 2490 pr.
806 2441 919 2491 porco
951 2439 1053 2480 cells
1073 2438 1126 2486 ς”
1162 2439 1318 2493 ‘porco]
1360 2438 1442 2489 [ποκ’
1463 2442 1598 2488 porca'
1630 2436 1743 2491 Pplz!

1427 2505 1561 2540 alporco

203 2538 365 2592 Por-pk?
395 2551 427 2579 et
456 2546 519 2579 hoc
549 2545 639 2581 coni.
672 2546 899 2592 Lambinus,
939 2546 1067 2592 recepit
1098 2545 1383 2594 Cuninqhamus
1420 2556 1533 2591 porca
1559 2556 1586 2592 y
1619 2541 1742 2596 [Bar-

206 2621 352 2675 cinon.]
455 2599 604 2661 siluanii
635 2637 666 2672 φ
811 2624 891 2661 144
923 2630 959 2662 et
990 2610 1099 2675 [inmo
1129 2637 1153 2674 γ
1268 2637 1444 2660 memores
1475 2626 1630 2674 quidam
1660 2631 1745 2660 ante

205 2683 427 2719 Lambinum
546 2681 625 2718 145
657 2683 805 2718 inuenta
834 2674 956 2726 52'50
977 2676 1138 2731 Por-ples
1157 2683 1322 2721 Seruius
1352 2682 1499 2717 inuecta
1529 2682 1744 2720 politianus

207 2739 332 2776 Bentl.
366 2739 514 2776 inuecta
543 2751 569 2787 y
592 2735 636 2789 [1
660 2740 742 2776 cod.
767 2735 892 2789 Feae]
982 2739 1006 2776 li
1029 2752 1036 2775 ε
1060 2752 1067 2775 ;
1090 2741 1186 2777 entia
1217 2752 1235 2776 ε
1265 2740 1414 2776 licencia
1445 2739 1466 2774 λ
1560 2750 1660 2776 more
1691 2752 1707 2776 ε
1731 2751 1742 2776 ι

322 2795 401 2833 146
443 2797 638 2845 oppropria
670 2796 708 2832 E
742 2795 934 2844 obprobria
963 2791 1064 2834 cett!
1096 2794 1147 2841 ς”
1179 2796 1377 2842 opprobria
1405 2809 1428 2833 α
1457 2809 1483 2832 υ

210 2852 286 2889 147
320 2854 542 2890 recurrentis
564 2853 602 2889 Ε
618 2865 642 2902 y
664 2847 757 2899 (πά
780 2852 814 2900 r)
834 2864 860 2899 y
885 2849 1088 2903 [Bruxell.
1119 2854 1333 2891 Mellicens.
1360 2850 1589 2904 Reyinens]
1622 2865 1744 2890 recur-
