1890 3106
658 102 742 128 ΜΒ.
766 103 781 128 1
804 103 836 135 1,
862 101 1010 131 100-108.
1036 103 1069 137 2,
1097 101 1163 128 1-6
1599 86 1682 130 201

890 215 938 255 Π

258 304 422 346 Troiani
451 304 549 346 belli
579 306 837 358 scriptorem,
869 306 1038 346 Maxime
1068 305 1188 351 Lolli,

258 379 351 420 dum
386 384 426 419 tu
458 379 656 420 declamas
685 379 856 426 Romae,
888 380 1105 420 Praeneste
1135 379 1280 432 relegi:

258 454 326 506 qui
356 453 449 506 quid
480 455 531 493 sit
558 452 789 506 pulchrum,
823 454 915 506 quid
949 459 1087 507 turpe,
1121 454 1217 505 quid
1247 454 1363 501 utile,
1397 455 1489 507 quid
1522 467 1621 500 non,

255 526 414 580 planius
445 539 490 568 ac
520 526 664 567 melius
695 527 917 580 Chrysippo
948 533 988 568 et
1018 528 1211 568 Crantore
1242 528 1352 568 dicit.
1526 518 1530 522 ’

258 614 330 642 cur
359 602 413 642 ita
445 601 707 648 crediderim,
739 602 816 641 nisi
847 602 942 653 quid
973 607 1014 642 te
1045 601 1225 649 distinet,
1259 602 1362 642 audi.
1662 609 1683 641 5

256 674 408 722 sabula,
441 687 517 727 qua
546 675 703 716 Paridis
731 680 898 729 propter
927 681 1115 716 narratur
1145 689 1324 717 amorem

142 826 413 855 TESTIMONIA.

231 892 251 925 1
275 895 309 927 2.
336 893 446 926 1—16
472 893 638 936 exceptis
662 904 700 929 u.
716 895 737 927 5
763 896 801 926 et
825 894 984 928 ‘Nestor
1007 910 1052 918 —-
1075 896 1294 938 utrumque’
1318 894 1480 928 Ioannes
1505 893 1683 928 Saresbe—

141 939 277 972 riensis
307 939 479 982 policrat.
506 941 538 980 7,
565 942 585 972 9
709 941 811 972 1—4
843 939 892 973 cf.
923 940 1085 973 Ioannes
1117 940 1307 974 saresber.
1338 941 1514 983 metalog.
1548 942 1584 981 1,
1617 942 1681 973 22:

142 985 348 1027 ‘gloriatur
370 985 549 1018 Horatius
579 996 619 1018 se
649 986 800 1019 uirtutis
827 996 941 1018 causa
971 986 1151 1028 relegisse
1182 986 1400 1027 Homerum,
1432 988 1494 1029 qui
1520 986 1608 1029 quid
1634 988 1683 1018 sit

141 1047 183 1054 —
210 1030 322 1064 dicit'
440 1032 458 1063 1
486 1031 534 1063 cf.
561 1031 746 1064 Ausonius
778 1031 954 1074 periocha
981 1032 998 1064 1
1024 1031 1063 1063 in
1086 1031 1260 1064 Iliadem:
1294 1033 1346 1064 ‘si
1371 1033 1571 1065 Homerum
1596 1033 1682 1065 scri-

140 1078 282 1119 ptorem
299 1076 424 1109 Troici
448 1076 538 1108 belli
563 1080 737 1116 eatenus,
764 1087 836 1119 qua
861 1076 1018 1109 Iliadem
1042 1087 1147 1109 suam
1164 1077 1298 1120 incipit
1316 1088 1462 1120 quaque
1482 1077 1575 1118 finit,
1601 1088 1683 1121 per-

140 1131 356 1155 censeamus
381 1147 390 1156 .
416 1146 424 1155 .
449 1124 480 1154 .’
613 1124 634 1155 2
664 1125 675 1142 ‘
688 1122 773 1155 dum
804 1125 845 1154 tu
875 1123 926 1162 (te
950 1121 1100 1165 Porph.)
1134 1122 1317 1155 declamas
1341 1124 1504 1156 Romae'
1536 1121 1685 1166 Porph.'

141 1167 189 1199 ad
212 1177 248 1200 u.
272 1169 317 1200 64
356 1184 357 1187 ¹
424 1169 445 1200 3
471 1177 524 1210 sq.
551 1168 600 1201 cf.
627 1168 788 1200 Ioannes
814 1168 1059 1201 Victoriensis
1085 1170 1122 1210 5,
1149 1170 1170 1201 3
1195 1179 1229 1211 p.
1257 1170 1324 1202 393
1349 1169 1409 1202 B.:
1444 1170 1563 1202 ‘sicut
1588 1169 1681 1202 Ora-

139 1213 215 1245 tius
240 1213 286 1246 de
305 1213 465 1246 Homero
489 1213 599 1246 dicit:
626 1214 690 1255 qui
714 1232 757 1236 —
783 1213 896 1246 dicit’
973 1216 993 1247 3
1018 1214 1066 1248 cf.
1093 1214 1215 1247 ecbas.
1233 1214 1373 1257 captiu.
1392 1225 1427 1246 u.
1447 1216 1529 1248 717:
1556 1215 1683 1247 ‘nouit

142 1258 231 1301 quid
254 1259 439 1302 pulcrum,
471 1259 560 1301 quid
585 1262 646 1291 tur
671 1269 708 1301 e,
741 1259 829 1301 quid
854 1259 964 1299 utile,
998 1259 1156 1292 falsum’
1189 1260 1269 1292 uita
1293 1257 1463 1293 Heinrici
1487 1261 1574 1295 1111.
1601 1271 1632 1293 c.
1661 1262 1681 1293 2

143 1302 282 1348 [Pertz.
300 1304 413 1337 XIIII
429 1316 475 1333 =
491 1304 563 1338 XII
580 1306 645 1338 272
677 1316 685 1336 :
712 1308 739 1340 ‘.
765 1332 772 1339 .
798 1329 808 1338 .
836 1304 924 1347 quid
949 1305 1163 1347 honestum,
1191 1305 1280 1348 quid
1305 1309 1434 1349 turpe,
1460 1306 1550 1349 quid
1575 1305 1680 1348 utile,

142 1349 229 1392 quid
254 1360 328 1383 non
356 1376 363 1383 .
394 1375 402 1383 .
448 1352 459 1368 '

138 1488 268 1517 VARIA
296 1489 466 1517 LECTIO.

252 1548 329 1589 ,Ω”
356 1567 414 1584 =
441 1547 493 1589 A'
522 1548 568 1602 (A
589 1552 627 1600 a)
655 1553 792 1603 EyF
816 1549 857 1589 λ’
887 1552 922 1602 (λ
941 1553 969 1602 Ζ)
1000 1549 1042 1597 ὁ,·
1074 1549 1206 1598 ς”Ξ
1235 1559 1304 1592 aut
1335 1566 1464 1593 omnes
1494 1558 1605 1594 codd.
1634 1552 1680 1607 β’

140 1605 180 1659 (β
207 1607 346 1658 Fran.)
376 1622 399 1645 ν
427 1605 476 1646 π’
507 1607 550 1660 (π
570 1606 690 1659 Lips.)
721 1618 745 1646 6
764 1623 788 1660 9
809 1623 831 1647 r
851 1624 876 1647 υ
897 1610 983 1662 (al)
1015 1617 1083 1648 aut
1113 1613 1249 1649 horum
1281 1613 1391 1650 codd.
1424 1625 1471 1651 ea
1498 1625 1599 1662 pars
1628 1625 1682 1652 ex

139 1667 276 1715 quibus
306 1678 382 1704 non
413 1668 514 1704 aliae
543 1669 731 1704 lectiones
761 1672 965 1711 notantur,-
997 1680 1021 1712 ς
1046 1684 1104 1701 =
1134 1673 1202 1706 aut
1230 1681 1329 1707 omn.
1351 1673 1460 1709 codd.
1482 1682 1505 1706 ν
1525 1679 1548 1706 σ
1567 1683 1592 1719 9
1613 1684 1636 1708 r
1655 1684 1681 1707 υ

140 1722 177 1772 (α
196 1723 227 1774 Ζ)ν
256 1729 324 1761 aut
353 1725 489 1762 horum
512 1725 621 1762 codd.
644 1735 690 1761 ea
717 1736 819 1772 pars
839 1736 891 1762 ex
911 1727 1050 1774 quibus
1069 1738 1145 1763 non
1168 1728 1270 1764 aliae
1290 1729 1474 1766 lectiones
1494 1734 1682 1766 notantur

252 1786 276 1829 I
295 1787 336 1829 2.
377 1792 435 1828 AD
466 1791 659 1829 LOLLIVM
690 1793 729 1828 E
747 1794 785 1830 F
812 1789 893 1829 i'a
921 1789 1024 1841 (πὀ·
1045 1807 1068 1830 a
1091 1808 1113 1831 r
1142 1801 1174 1830 et
1201 1795 1341 1843 Fran.)
1371 1796 1427 1833 AD
1458 1796 1627 1834 LOLIVM
1656 1810 1681 1848 γ

140 1849 205 1883 ΑΙ)
237 1849 468 1883 LOLLIVM
500 1849 744 1884 MAXIMVM
776 1862 823 1893 v;
852 1853 1106 1898 inscriptione
1137 1858 1276 1890 carent
1305 1854 1338 1890 Α
1359 1865 1377 1890 ε
1404 1852 1441 1901 (v
1460 1867 1486 1903 9
1506 1861 1541 1889 et
1560 1852 1601 1904 β)

142 1906 163 1942 1
195 1906 364 1954 Maxime,
402 1920 475 1942 non
507 1908 658 1943 maxime
688 1908 907 1945 Meinelsius
935 1909 1113 1956 praefat.
1148 1921 1188 1956 p.
1220 1909 1341 1946 XXXV
1370 1923 1466 1948 cons.
1497 1913 1680 1959 inscript.

139 1964 223 2000 cod.
252 1976 298 2006 v,·
326 1956 486 2011 Formis
516 1971 549 1999 et
578 1965 699 2001 schol.
731 1964 770 2000 Γ
794 1971 916 2000 tacent
927 1982 939 2007 ,·
978 1970 1023 2011 cs.
1059 1966 1167 2003 Ouid.
1207 1977 1260 2003 ex
1293 1967 1336 2005 P.
1368 1967 1396 2003 ll
1428 1968 1475 2015 8,
1508 1968 1532 2004 2
1572 1975 1607 2003 et
1634 1968 1679 2005 111

139 2019 185 2068 5,
219 2020 262 2058 ὃς
294 2018 475 2056 ‘Maxime
507 2019 642 2054 Cotta'
731 2021 820 2058 loldi
851 2023 889 2059 E
916 2022 991 2059 lolli
1024 2018 1137 2060 celt.''
1159 2023 1258 2070 Pph.
1291 2021 1453 2072 Porplz!
1485 2025 1614 2072 (etiam
1642 2025 1679 2075 y)

253 2077 277 2114 2
307 2073 406 2115 Dum
437 2090 474 2126 ε,
509 2077 596 2114 Cum
627 2090 645 2115 ε
668 2089 681 2115 1
769 2078 927 2116 declinas
958 2091 975 2116 ε
998 2091 1011 2116 1
1099 2080 1124 2118 3
1157 2079 1334 2130 Quicquid
1365 2078 1416 2117 A'
1512 2082 1679 2131 pulcrum

138 2146 156 2170 ε
243 2134 334 2171 utile
355 2132 379 2171 δ
466 2147 493 2182 q
514 2135 552 2171 E
626 2135 653 2171 4
683 2135 828 2172 Planius
849 2131 949 2173 A'E
964 2148 988 2185 γ
1010 2134 1034 2173 δ
1054 2149 1070 2174 2
1092 2150 1180 2174 παν.
1202 2136 1239 2185 (σ
1257 2149 1282 2186 9
1303 2151 1326 2174 r
1346 2145 1379 2174 et
1399 2138 1518 2188 Lips.)
1540 2141 1623 2177 sch.
1646 2139 1684 2174 Γ

138 2191 355 2238 (interpret..·
386 2190 616 2240 eapertius’)
647 2192 816 2229 Ioannes
858 2194 1106 2232 Victoriensis
1134 2194 1280 2231 Plenius
1312 2208 1343 2244 φ
1365 2196 1385 2231 λ
1410 2208 1428 2233 ε
1449 2208 1473 2246 γ
1492 2208 1508 2233 2
1530 2209 1619 2234 uar.
1642 2196 1679 2244 (v

137 2253 179 2285 ut
209 2250 287 2286 uid.
308 2261 333 2285 v
354 2255 386 2284 et
407 2248 433 2299 β
453 2261 470 2286 2
499 2261 527 2284 π
546 2250 672 2286 Fran.
704 2251 812 2287 codd.
850 2251 1003 2299 Bland.)
1033 2247 1171 2289 Ioann.
1205 2252 1408 2290 Sarcsber.
1439 2256 1568 2291 melal.
1598 2254 1679 2303 Ple-

137 2306 219 2342 nius
249 2311 284 2353 ψ
316 2305 356 2353 (l)
393 2306 565 2356 Pplenius
601 2303 626 2342 δ
663 2306 781 2354 (Plen’
811 2306 838 2357 β
868 2307 896 2355 1)
934 2307 1132 2343 Pulchrius
1171 2309 1310 2347 Ioann.
1344 2310 1499 2347 Saresb.
1532 2313 1677 2358 policr.

137 2362 196 2398 Vll
227 2363 273 2405 9;
310 2361 548 2409 ‘planius,
588 2367 630 2397 ut
666 2366 795 2409 poeta,
836 2365 900 2410 qui
941 2366 1116 2411 exemplis
1154 2367 1358 2412 propositis
1398 2367 1510 2402 multo
1541 2368 1677 2403 maiore

135 2414 305 2469 ἐναργείᾳ
335 2420 461 2466 docet,
501 2432 609 2467 quam
640 2420 766 2466 quiuis
796 2421 1060 2468 philosophus,
1100 2423 1183 2468 qui,
1223 2435 1303 2458 cum
1341 2425 1485 2459 ethicen
1517 2437 1561 2460 ex
1591 2437 1677 2471 pro·-

136 2476 239 2511 fesso
275 2482 430 2522 tractet,
476 2477 668 2523 plenius
704 2483 903 2524 praecepta
940 2479 1066 2516 tradit.
1106 2480 1144 2513 in
1182 2480 1283 2515 nullo
1327 2487 1450 2516 autem
1494 2482 1678 2527 scriptore

136 2534 304 2569 maiorem
336 2542 421 2569 esse
452 2535 523 2568 uim
554 2531 745 2579 ἐναργείας
774 2533 839 2570 καὶ
870 2537 1095 2583 σαφηνείας,
1121 2548 1235 2582 quam
1265 2538 1302 2572 in
1334 2538 1513 2583 Homero,
1552 2551 1676 2574 omnes

137 2602 211 2625 uno
243 2603 307 2626 ore
338 2592 543 2626 affirmant'
575 2592 779 2629 Iacob-§ius
885 2594 1069 2643 chrisippo
1100 2590 1237 2631 Fl-'d
1258 2607 1276 2631 ε
1377 2601 1518 2633 oratore
1547 2608 1572 2645 γ

136 2649 224 2685 dicit
253 2646 278 2685 ὃ
365 2648 389 2686 5
421 2648 570 2691 distinet
601 2650 639 2686 E
668 2650 705 2685 1?
736 2658 771 2697 ψ
802 2661 906 2687 corr.
938 2650 959 2686 λ
989 2648 1013 2687 δ
1044 2662 1057 2688 1
1088 2663 1106 2688 ε
1137 2645 1231 2698 (π’1
1261 2654 1274 2689 2
1304 2664 1344 2699 p.
1375 2664 1456 2690 ras.
1490 2666 1515 2689 v
1543 2664 1556 2690 1
1587 2665 1676 2691 παν.

137 2712 171 2740 et
201 2707 310 2743 codd.
342 2705 501 2753 Bland.)
531 2706 690 2743 distenet
720 2707 758 2743 F
782 2704 807 2743 δ
834 2718 850 2743 2
881 2706 1040 2745 destinet
1068 2704 1119 2745 A‘
1142 2709 1181 2745 E
1199 2709 1236 2745 1?
1260 2722 1284 2758 γ
1313 2709 1340 2756 (ἶ
1370 2721 1406 2746 α.
1437 2720 1518 2747 ras.
1549 2723 1572 2747 r
1595 2711 1676 2759 pr.)

138 2762 276 2800 detinet
307 2763 339 2799 A
371 2774 474 2800 corr.
507 2764 546 2800 Ε
571 2775 608 2811 p.
642 2774 723 2801 ras.
755 2761 814 2814 (β’
839 2772 862 2799 σ
888 2777 912 2813 9
932 2778 954 2801 r
976 2777 1080 2804 corr.
1102 2762 1140 2814 v)
1175 2766 1332 2800 destzz:
1365 2779 1389 2802 ν
1419 2767 1473 2815 cf.
1499 2778 1531 2804 c.
1554 2767 1675 2817 11117,

142 2819 190 2856 11
308 2820 331 2858 6
364 2831 481 2856 amare
512 2832 529 2857 ε
561 2832 574 2858 1
