1820 3094
171 169 253 211 130
725 182 884 210 nomm
914 182 1138 211 SERMONVM

281 308 360 335 non
391 296 458 335 ille
489 300 555 334 aut
585 295 784 335 Teucrum
816 300 884 334 aut
912 295 1043 347 ipsum
1074 294 1240 334 uiolauit
1269 293 1422 334 Ulixen.

281 371 447 409 ‘uerum
479 381 571 421 egO,
604 374 647 409 ut
675 369 879 409 haerentis
910 369 1080 409 aduerso
1111 369 1227 408 litore
1258 369 1371 407 nauis
1632 373 1699 406 205

283 445 502 496 eriperem,
535 443 712 496 prudens
743 443 895 496 placaui
926 444 1120 495 sanguine
1150 443 1304 483 diuos'.

281 530 425 569 nempe
455 522 542 564 tuo,
575 518 737 558 furiose.
789 518 923 564 εηιεο,
956 517 1027 558 sed
1057 530 1138 557 non
1168 517 1377 557 furiosus'.

280 592 347 643 qui
378 593 533 644 species
563 591 660 632 alias
693 593 781 632 ueri
811 591 1053 644 scelerisque
1083 590 1256 631 tumultu

279 667 495 718 permixtas
526 667 657 718 capiet
687 672 908 706 commotus
939 665 1176 712 habebitur,
1209 669 1325 717 atque

278 739 496 781 stultitiane
528 745 637 780 erret
666 740 833 780 nihilum
865 739 1025 780 distabit
1055 752 1104 779 an
1135 740 1206 779 ira.
1630 744 1698 776 210

278 814 374 854 Aiax
404 826 494 854 cum
524 815 731 855 inmeritos
762 814 907 854 occidit
937 814 1081 866 desipit
1110 825 1254 865 agnos;

278 900 366 927 cum
398 888 575 940 prudens
605 888 734 928 scelus
765 888 816 927 ob
846 887 982 928 titulos
1013 887 1189 927 admittis
1218 886 1366 932 inanis,

278 967 360 1001 stas
390 963 543 1008 animo,
576 968 615 1002 et
644 975 789 1015 purum
821 967 881 1002 est
911 961 1008 1000 uitio
1038 960 1110 1000 tibi
1141 972 1230 999 cum
1261 959 1527 999 *tumidumst
1556 959 1676 999 cor?'

277 1037 402 1086 siquis
432 1035 571 1075 lectica
604 1036 768 1076 nitidam
799 1041 955 1088 gestare
986 1040 1091 1075 amet
1121 1044 1282 1084 agnam,

161 1198 289 1225 VARIA
319 1197 486 1224 LECTIO.

277 1265 358 1304 204
389 1266 510 1302 ulixen
531 1266 600 1315 Dy
621 1264 661 1313 (ν
680 1272 713 1301 et
732 1263 773 1314 β)
793 1267 893 1313 Pplz.
917 1264 987 1302 Ac.
1013 1264 1147 1309 ulyxen'
1165 1264 1231 1313 Pf.
1264 1264 1395 1301 ulixem
1415 1260 1543 1301 ΕΗΓ
1562 1262 1632 1312 (σα
1640 1276 1696 1313 9r

162 1330 195 1359 et
225 1322 364 1371 Fran.)
453 1322 533 1360 205
565 1323 752 1357 haerentis
784 1336 807 1359 α
827 1325 840 1359 Ζ
860 1336 886 1371 9
909 1319 1155 1372 [Valentiam.
1182 1318 1224 1372 1]
1258 1322 1417 1358 her-entis
1440 1321 1508 1371 Ey
1528 1319 1598 1369 (vr
1610 1320 1695 1368 pr.)

160 1394 185 1429 9
209 1377 409 1430 [Bruxell.
442 1380 551 1417 9777
582 1381 688 1426 Lips.
726 1380 865 1414 erentis
903 1375 1156 1428 Montepess]
1191 1379 1380 1414 haerentes
1416 1378 1488 1415 Fa.
1526 1379 1694 1415 herentes

161 1438 196 1473 D
213 1434 357 1487 (β’σ9ν
378 1435 499 1484 corr.)
585 1437 693 1473 litore
714 1435 1008 1486 DEyF(a91r
1024 1443 1057 1471 et
1077 1434 1117 1485 β)
1148 1436 1273 1472 littore
1296 1435 1317 1470 λ
1337 1434 1407 1482 (νσ
1426 1442 1460 1470 et
1481 1434 1623 1483 Fran.)
1643 1434 1694 1468 ibi

163 1495 285 1528 sidere
316 1494 474 1531 Peertlc.
562 1495 662 1530 nauis
693 1494 729 1530 D
744 1505 810 1540 pr.
834 1494 872 1529 E
883 1506 907 1543 y
935 1493 973 1540 (ν
992 1495 1080 1530 alr
1100 1499 1133 1527 et
1153 1491 1194 1541 β)
1214 1505 1240 1540 9
1262 1489 1487 1542 [Bambery.
1511 1492 1694 1529 Bruoeell.

162 1551 270 1588 9777
312 1551 479 1588 Gronou.
515 1562 579 1597 pr.
618 1550 724 1597 Lips.
768 1549 904 1598 Re9in.
954 1550 1169 1587 Valentiam.
1202 1545 1235 1599 1]
1275 1560 1385 1585 naues
1425 1554 1513 1586 cett.
1554 1548 1577 1593 ’ς

162 1607 242 1645 207
276 1613 358 1644 tuos
389 1620 420 1655 φ
451 1620 487 1644 α.
522 1619 603 1644 ras.
707 1606 846 1655 furiose
876 1607 914 1642 E
940 1606 1111 1640 furiose?
1142 1606 1389 1642 Duentzerus
1501 1611 1558 1642 set
1586 1618 1611 1655 γ
1646 1615 1649 1617 ’

162 1664 243 1702 208
275 1661 378 1714 alias]
411 1675 547 1710 prauas
579 1664 901 1712 Hirschfelder-us
930 1662 1044 1697 falsas
1064 1663 1221 1700 Peerlk.
1328 1656 1406 1699 ueri
1436 1662 1582 1699 sceleris
1613 1662 1699 1699 DE

160 1733 184 1770 γ
211 1717 305 1770 (β’ν
323 1730 346 1756 σ
365 1733 388 1757 α
404 1733 429 1769 9
445 1732 461 1757 2
478 1719 513 1768 r)
545 1722 640 1757 ueris
672 1721 799 1757 celeris
820 1721 858 1757 F
878 1716 920 1755 λ’
954 1720 1053 1754 ueris
1085 1719 1236 1753 sceleris
1262 1732 1287 1768 9
1310 1729 1323 1755 1
1356 1720 1456 1754 ueris
1487 1718 1584 1767 (ueri
1611 1717 1695 1766 Pf.)

162 1778 271 1812 celeri
299 1775 412 1825 Pplz.l
443 1778 720 1814 Hamacherus
751 1777 850 1811 ueris
882 1777 1025 1811 cerebri
1055 1776 1269 1813 Horlcelius
1306 1775 1601 1823 (ueris'cerebri
1630 1785 1695 1809 us-

162 1847 233 1880 que
253 1833 459 1882 Linlcerus)
493 1831 554 1884 [V
578 1836 682 1870 habet
702 1834 854 1880 Species
884 1833 975 1867 alias
1006 1833 1107 1868 ueris
1135 1861 1146 1871 .
1169 1858 1178 1867 .
1202 1858 1211 1866 .
1241 1833 1318 1867 sed.
1349 1834 1375 1868 s.
1408 1832 1531 1867 littera
1559 1831 1694 1866 maius-

162 1892 243 1925 cula
286 1891 428 1925 ademta
468 1892 639 1937 sequenti
685 1891 856 1936 dictioni,
906 1890 1092 1937 adscripta
1139 1894 1218 1924 erat
1261 1887 1509 1936 praecedenti'
1555 1885 1691 1939 Gruq.]

162 1948 248 1994 ‘qui
280 1949 369 1981 facit
399 1947 522 1981 scelus
554 1948 659 1982 etiam
690 1947 773 1996 (om.
803 1947 840 1998 γ)
871 1954 1024 1994 propter
1062 1947 1217 1992 aliquam
1248 1945 1542 1980 commodidatem
1571 1949 1691 1980 tamen

161 2005 233 2039 iste
254 2005 465 2039 necessario
497 2003 726 2052 (necesarius
747 2004 785 2055 γ)
817 2004 995 2039 habeatur
1015 2004 1232 2052 (habebatur
1254 2002 1289 2051 ν)
1320 2003 1477 2037 insanus
1500 2032 1508 2040 .
1535 2026 1544 2038 .
1567 2031 1576 2039 .
1599 2001 1694 2036 Cum

161 2062 251 2096 dicit
279 2062 449 2096 insanum
481 2062 543 2107 qui
575 2062 697 2096 scelus
727 2061 960 2096 innocentiae
991 2060 1221 2105 confuderit,
1261 2060 1347 2094 dum
1375 2059 1571 2094 iactantiae
1601 2070 1692 2094 suae

161 2119 244 2165 plus
276 2119 437 2153 detrahit
458 2144 466 2151 .
492 2144 500 2152 .
525 2119 559 2152 ‚³
580 2120 671 2155 Aer.
759 2119 957 2155 tumultum
977 2130 1001 2167 γ
1015 2131 1083 2166 pr.
1103 2131 1130 2167 9
1150 2130 1232 2164 opp.
1252 2117 1322 2154 Ac.
1356 2115 1445 2163 ‘qui
1465 2117 1536 2150 sub
1567 2115 1693 2162 specie

162 2175 327 2210 iustitiae
358 2175 480 2210 scelus
511 2175 670 2209 admittit
701 2193 710 2202 ·
730 2187 742 2209 1
760 2194 769 2202 ·
802 2175 993 2210 tumultum
1033 2174 1185 2209 sceleris
1215 2174 1344 2207 miscet
1373 2173 1524 2208 ueritati
1554 2173 1692 2208 haben-

161 2232 231 2266 dus
263 2236 321 2266 est
349 2236 467 2266 motae
498 2230 652 2266 mentis'
676 2233 767 2269 Aer.
859 2232 940 2270 209
970 2233 1166 2281 permixtas
1197 2227 1331 2281 capiet]
1364 2230 1562 2276 permiscet
1590 2229 1692 2276 capi·
1762 2240 1765 2242 ’

161 2289 210 2323 tis
240 2290 396 2327 Peerlk.
505 2289 586 2327 210
625 2288 790 2325 Stulticia
827 2290 863 2326 D
968 2300 1014 2325 ne
1053 2284 1168 2339 erret]
1207 2287 1377 2324 neherret
1406 2288 1445 2325 F
1546 2297 1590 2324 an
1619 2281 1689 2336 ira]

163 2347 271 2382 amira
301 2359 331 2394 φ
362 2359 399 2383 α.
433 2356 512 2382 ras.
625 2345 703 2382 211
737 2357 818 2382 cum
848 2347 878 2382 i:
908 2346 944 2382 D
966 2345 1004 2394 (9
1034 2352 1067 2381 et
1097 2356 1194 2383 omn.
1227 2338 1383 2392 Bland.)
1415 2345 1446 2380 i:
1477 2354 1559 2381 cum
1588 2337 1692 2380 cett!

162 2401 290 2451 (σαν)
320 2403 355 2436 i:
386 2403 470 2436 dum
500 2398 615 2452 β’ν9
707 2403 907 2440 immeritos
937 2403 1057 2452 DEy
1087 2401 1204 2451 (νσα
1222 2400 1250 2450 l)
1281 2401 1470 2438 inmeritos
1500 2395 1705 2450 1ΰ’λ(β’ν)Ι

161 2478 294 2516 Tm'itos
322 2495 347 2530 9
448 2480 528 2518 212
560 2477 661 2531 cum]
693 2481 751 2515 Tu
783 2495 809 2530 9
831 2478 1050 2532 [Wolfenb.
1083 2481 1112 2517 Π
1141 2477 1250 2531 nan]
1287 2480 1413 2518 Bentl.
1494 2457 1625 2529 ’fidens
1653 2478 1691 2515 D

276 2539 433 2575 admittis
464 2533 527 2574 „QX
555 2537 597 2587 (β
609 2535 647 2574 ’ν
665 2546 687 2573 σ
704 2551 727 2574 α
747 2551 770 2574 ν
792 2551 833 2586 p.
865 2550 947 2576 ras.
968 2545 1002 2574 et
1032 2539 1052 2575 1
1077 2536 1237 2585 Beana.)
1268 2537 1424 2572 admittit
1450 2549 1474 2574 r
1502 2549 1539 2574 α.
1561 2547 1642 2573 ras·
1661 2546 1690 2583 y

161 2591 314 2630 &mittit
332 2608 356 2644 9
383 2595 448 2643 Pf.
482 2595 636 2629 comittit
654 2595 753 2642 Pplz.
786 2596 977 2630 committis
1006 2608 1033 2644 y
1055 2591 1263 2645 [committis
1292 2594 1450 2631 inaneis.
1487 2595 1535 2629 sic
1561 2603 1692 2631 omnes

162 2654 270 2690 codd.
302 2652 462 2700 Cruquii
485 2658 631 2698 praeter
662 2653 683 2688 1
717 2649 878 2702 Bland.]
919 2664 997 2687 cum
1035 2651 1195 2686 admittis
1221 2651 1348 2688 Bentl.
1452 2651 1568 2687 inanis
1598 2650 1637 2686 F
1647 2645 1689 2691 λ(

162 2708 200 2755 (ν
227 2708 255 2756 1)
285 2721 311 2757 9
334 2705 523 2758 [Gronou.
549 2709 719 2757 1R69in.
742 2718 754 2743 1
794 2709 1010 2746 Valentiam
1040 2705 1072 2759 1]
1104 2704 1220 2756 Pph!
1249 2709 1374 2744 inanes
1404 2708 1482 2744 DE
1491 2719 1516 2756 y
1534 2706 1556 2743 λ
1581 2718 1686 2744 corr.

162 2760 411 2814 (ss'v26a9r)
432 2768 525 2803 Acr.
613 2765 694 2803 213
715 2761 809 2815 stas]
842 2765 953 2799 Stans
976 2778 999 2802 a
1017 2777 1081 2813 pr.
1095 2778 1120 2814 9
1140 2777 1221 2812 opp.
1242 2765 1311 2802 Ac.
1389 2760 1500 2815 uitio]
1524 2776 1595 2802 om.
1617 2761 1691 2799 Fa.

161 2818 233 2870 (β’)
247 2832 273 2868 y
306 2823 399 2858 uieio
430 2824 516 2859 add.
540 2827 575 2870 ψ
595 2834 612 2859 2
697 2818 783 2871 tibi]
814 2825 921 2859 omis.
946 2823 1020 2872 Εγ
1033 2834 1099 2870 pr.
1121 2821 1160 2869 (a
1182 2833 1195 2858 1
1216 2827 1285 2858 aut
1300 2833 1365 2868 pr.
1387 2823 1403 2858 l
1423 2820 1451 2868 1)
1470 2833 1498 2868 y
1583 2820 1692 2857 tumi-

161 2877 268 2931 dum,
300 2890 369 2914 om.
402 2884 456 2914 est
488 2879 550 2926 ty
582 2878 756 2915 tumidum
787 2884 844 2915 est
875 2884 962 2916 cett.
995 2875 1034 2922 ς’
1633 2893 1638 2904 ·=
