1890 3106
729 158 811 184 Lm.
845 158 861 184 1
890 157 924 190 2,
948 155 1034 182 7-29
1113 178 1115 182 ,
1569 138 1654 181 203

231 270 298 322 qui
328 269 501 309 domitor
531 269 673 309 Troiae
705 268 923 308 multorum
953 267 1145 321 prouidus
1176 266 1297 307 urbes

231 348 271 383 et
300 356 434 383 mores
463 343 669 383 hominum
700 343 891 396 inspexit,
923 341 1124 394 latumque
1154 353 1228 393 per
1259 352 1422 391 aequor,
1612 346 1657 378 20

230 417 325 457 dum
356 417 449 464 sihi,
483 417 575 457 dum
608 417 729 456 sociis
758 416 928 457 reditum
961 420 1094 467 parat,
1126 427 1265 467 aspera
1296 415 1416 454 multa

230 491 412 544 pertulit,
445 491 625 531 aduersis
656 503 793 530 rerum
824 489 1092 530 inmersabilis
1124 488 1253 528 undis.

231 565 417 606 Sirenum
447 577 570 605 uoces
601 570 641 605 et
671 564 808 605 Circae
838 563 983 616 pocula
1014 564 1137 602 nosti:

230 652 331 692 quae
361 640 395 679 si
425 652 515 680 cum
546 640 667 680 sociis
698 638 843 679 stultus
874 637 1120 690 cupidusque
1150 636 1336 682 bibisset,

229 713 302 755 suh
334 714 493 759 domina
524 714 736 754 meretrice
767 712 906 752 fuisset
934 712 1063 764 turpis
1093 715 1132 750 et
1162 722 1319 756 excors,
1612 717 1656 749 25

229 789 392 828 uixisset
423 789 531 828 canis
560 786 778 828 inmundus
808 786 873 826 uel
904 786 1031 826 amica
1059 785 1144 825 luto
1176 798 1256 825 sus.

229 874 302 903 nos
331 875 525 903 numerus
555 874 694 902 sumus
727 866 767 901 et
795 861 933 913 fruges
964 872 1200 900 consumere
1232 861 1333 906 nati,

228 938 368 990 sponsi
397 935 641 990 Penelopae,
674 935 898 977 nebulones
927 934 1159 986 Alcinoique

228 1012 270 1051 in
301 1015 390 1051 cute
422 1011 597 1051 curanda
627 1010 716 1064 plus
746 1023 874 1063 aequo
905 1014 1069 1062 operata
1100 1012 1303 1049 iuuentus:

115 1162 388 1190 TESTIMONIA.

206 1230 250 1261 23
276 1226 429 1261 ‘Circae
454 1226 610 1270 pocula’
637 1229 816 1260 memorat
841 1227 955 1259 etiam
972 1225 1212 1270 Symmachus
1238 1226 1346 1269 epist.
1364 1226 1382 1258 Ῑ
1399 1227 1443 1259 47
1513 1227 1557 1259 25
1574 1226 1658 1259 Ser-

115 1274 199 1307 uius
223 1274 271 1306 ad
294 1273 386 1309 Aen.
410 1274 482 1308 VII
508 1275 550 1306 19
576 1273 800 1316 glossarium
826 1273 903 1305 Mai
932 1273 1079 1306 classic.
1111 1275 1212 1305 auct.
1237 1272 1327 1305 VIII
1354 1274 1419 1305 102
1528 1273 1571 1305 26
1597 1275 1658 1305 ‘et

117 1320 237 1352 amica
260 1319 339 1352 luto
365 1322 448 1352 sus'
475 1319 626 1352 Seruius
651 1319 699 1351 ad
725 1329 850 1362 georg.
873 1320 891 1351 Ι
908 1319 975 1351 400
1003 1318 1103 1350 idem
1134 1318 1182 1350 ad
1204 1317 1292 1351 Aen.
1312 1317 1402 1351 VIII
1426 1318 1470 1351 83
1494 1318 1657 1351 Isidorus

116 1366 206 1408 orig.
230 1366 304 1399 XII
330 1366 366 1407 1,
394 1366 438 1398 25
531 1365 579 1400 cf.
606 1364 832 1397 Lactantius
856 1364 976 1397 instit.
1001 1364 1059 1396 ΙΙΙ
1082 1365 1122 1405 8,
1150 1365 1189 1396 9:
1224 1364 1431 1396 ‘obscenus
1462 1364 1568 1396 canis
1593 1367 1660 1396 aut

117 1421 179 1443 sus
203 1410 269 1443 ille
294 1410 521 1443 lutulentus’
547 1410 644 1443 idem
665 1411 755 1453 epit.
770 1410 844 1442 diu.
862 1410 983 1444 instit.
1002 1420 1033 1442 c.
1052 1411 1113 1442 37:
1140 1410 1279 1442 ‘satius
1297 1409 1444 1442 omnino
1461 1420 1534 1442 non
1560 1420 1655 1448 esse,
1699 1429 1702 1432 >

118 1466 227 1499 quam
251 1459 336 1499 post
360 1457 546 1489 hominum
573 1456 745 1497 formam,
778 1455 838 1488 uel
869 1466 970 1487 suem
1001 1454 1062 1488 uel
1094 1465 1225 1488 canem
1254 1455 1431 1488 uiuere?'
1525 1465 1588 1489 uu.
1614 1457 1657 1488 27

117 1503 220 1535 -70
248 1502 345 1535 ‘Nos
375 1512 552 1534 numerus
572 1519 617 1524 -—
647 1501 764 1534 Testa
797 1501 882 1533 diu’
916 1500 1117 1543 florileg.
1149 1501 1436 1534 Nostradam.
1531 1503 1574 1533 27
1600 1511 1655 1544 sq.

117 1548 330 1580 Priscianus
354 1548 472 1582 instit.
488 1547 540 1581 VI
559 1549 613 1588 17,
631 1548 687 1581 88.
703 1547 776 1580 VII
792 1548 824 1586 4,
844 1548 885 1579 12
978 1548 1022 1579 27
1049 1547 1196 1588 ‘fruges
1222 1564 1264 1569 —-
1290 1547 1393 1579 nati’
1421 1546 1533 1581 schol.
1551 1547 1582 1580 Γ
1608 1547 1658 1579 ad

118 1593 228 1636 epist.
253 1594 327 1635 14,
356 1594 406 1626 16.
423 1592 632 1627 Willelmus
656 1594 736 1625 uita
761 1604 790 1626 s.
814 1592 975 1625 ‘rhomae
1002 1592 1102 1625 1197
1129 1592 1186 1626 ed.
1211 1591 1328 1629 Giles,
1404 1593 1448 1625 28
1474 1602 1529 1635 sq.
1555 1593 1658 1625 ‘ebu-

116 1638 204 1671 lotis
227 1638 448 1681 Alcinoique
472 1639 511 1671 in
537 1642 623 1671 cute
649 1649 774 1671 curam
799 1638 846 1670 da
871 1638 954 1681 plus
979 1648 1098 1681 aequo
1117 1638 1166 1680 -1i-
1183 1639 1226 1673 ῑ.’
1254 1638 1317 1680 (in.
1334 1636 1452 1680 Porf.)
1479 1639 1534 1671 sic
1558 1649 1657 1671 men-

118 1684 205 1717 dose
229 1679 378 1727 Porph.'
401 1684 450 1716 ad
475 1685 583 1727 epist.
610 1684 628 1716 I
654 1686 714 1726 15,
740 1685 795 1716 24.
819 1684 989 1716 imitatus
1014 1686 1072 1716 est
1096 1683 1280 1716 Ausonius
1307 1684 1418 1726 epist.
1444 1685 1476 1725 9,
1503 1686 1655 1717 13-15:

117 1733 223 1763 ‘nam
247 1730 336 1762 mihi
365 1741 440 1763 non
464 1730 609 1769 Saliare
635 1730 800 1772 epulum,
832 1740 906 1762 non
931 1739 1024 1762 cena
1049 1729 1215 1771 dapalis,
1241 1729 1388 1771 qualem
1414 1729 1655 1773 Penelop(a)e

119 1775 343 1808 nebulonum
377 1786 505 1808 mensa
535 1786 729 1818 procorum
754 1775 969 1817 Alcinoique
1001 1775 1132 1808 habuit
1159 1775 1302 1810 nitidae
1336 1775 1434 1808 cutis
1463 1779 1578 1808 uncta
1602 1776 1656 1808 iu—

117 1825 273 1855 uentus'
300 1821 346 1855 cf.
371 1821 482 1854 etiam
507 1820 650 1854 Gellius
674 1821 818 1854 XVIIII
843 1822 883 1863 9,
910 1823 931 1853 8

116 1955 246 1983 VARIA
272 1955 440 1983 11130'1210.

233 2024 284 2062 19
315 2014 521 2061 dominator
541 2025 579 2060 F
598 2023 618 2060 λ
706 2023 758 2060 21
789 2024 894 2061 sotiis
914 2024 947 2060 Α
1042 2023 1094 2060 22
1115 2023 1239 2060 Pculu
1260 2024 1299 2060 E
1383 2023 1557 2061 aduersus
1578 2024 1656 2066 λα.

118 2093 200 2119 ras.
222 2082 261 2118 E
278 2094 365 2119 παν.
388 2074 424 2132 (9
437 2079 518 2129 pr.)
540 2086 575 2117 et
598 2082 713 2117 uersis
734 2093 758 2130 γ
845 2080 1083 2117 inmersahilis
1106 2077 1158 2117 A'
1174 2082 1212 2117 E
1224 2093 1248 2130 γ
1262 2082 1302 2118 F
1311 2076 1350 2117 λ’
1366 2078 1391 2117 ὃ
1413 2078 1467 2126 ς”
1488 2083 1654 2119 immers:

118 2151 135 2176 ε
157 2139 209 2187 (σ)
227 2141 358 2175 imersz
387 2152 412 2188 9
499 2137 552 2176 23
573 2139 689 2175 circae
709 2134 783 2175 52⁸
805 2134 858 2183 ς”
883 2136 931 2186 (et
951 2149 1050 2175 omn.
1074 2139 1183 2176 codd.
1213 2138 1372 2187 Cruquii
1393 2135 1462 2190 [?])
1483 2139 1655 2187 Symma-

117 2197 214 2233 chus
244 2196 339 2230 circe
360 2207 383 2231 ν
402 2208 427 2245 9
457 2196 588 2242 circes,
621 2209 637 2230 s
659 2198 741 2232 add.
764 2201 909 2233 recent.
930 2208 992 2242 m.,
1025 2206 1070 2238 v;
1102 2195 1220 2229 circes
1239 2208 1265 2244 9
1287 2193 1542 2247 [Montepess,
1565 2209 1653 2234 aar,

117 2254 344 2301 Petropolit.
381 2253 612 2290 Serbonens.
655 2264 672 2289 2
708 2253 1019 2290 Zulz'chemz'anus
1055 2251 1157 2300 (NB.
1197 2265 1244 2287 Ξ
1283 2255 1367 2291 cod.
1407 2254 1552 2291 Dinaea·
1589 2267 1653 2302 ap.

120 2307 321 2361 Cruqu.!)]
364 2309 544 2347 Valerius
574 2312 627 2347 ad
655 2310 860 2358 Ruffinum
960 2310 1067 2344 nouit
1094 2322 1121 2358 y
1164 2311 1341 2348 Valerius
1442 2310 1495 2347 24
1526 2310 1604 2356 Que
1636 2311 1656 2347 λ

232 2369 335 2404 sotiis
366 2369 400 2404 A
487 2366 540 2404 25
571 2367 716 2403 domina
745 2363 819 2404 52⁰
843 2363 895 2411 ς”
926 2367 1089 2405 Seruius
1117 2369 1284 2416 ylossar.
1313 2368 1401 2405 Mai
1428 2368 1516 2402 diua
1544 2381 1571 2417 9

118 2422 262 2470 turpis,
300 2427 338 2459 et
375 2436 505 2459 excors
546 2425 615 2461 ΤΙι.
656 2424 872 2462 Schmidius
909 2431 943 2460 et
978 2425 1236 2462 Doederlinus
1274 2425 1397 2471 turpis
1435 2429 1473 2460 et
1511 2437 1655 2471 excors,

119 2483 185 2519 alii
270 2478 417 2533 exssors
436 2493 463 2529 y
486 2478 651 2532 [From]
686 2493 815 2516 exsors
836 2483 926 2518 coni.
947 2482 1074 2519 Minos
1094 2488 1129 2517 et
1148 2482 1412 2520 Marklandus
1432 2495 1514 2529 opp.
1539 2482 1652 2520 Seru.

117 2541 282 2586 ylossar.
314 2539 400 2576 Mai
495 2551 533 2576 u.
568 2539 620 2577 26
652 2539 750 2576 omis.
780 2551 804 2574 ν
830 2551 896 2587 pr.
1000 2539 1052 2576 26
1084 2539 1278 2576 inmundus
1309 2539 1343 2576 Α
1364 2541 1402 2576 Ε
1419 2553 1443 2590 γ
1463 2541 1502 2576 F
1519 2539 1541 2575 λ
1560 2552 1578 2576 ε
1602 2536 1655 2584 ς”

119 2595 325 2633 immundus
356 2593 380 2632 ὃ
409 2595 447 2643 (α
470 2595 498 2644 l)
528 2604 602 2633 Tm:
631 2609 656 2644 9
767 2595 819 2634 27
851 2596 968 2645 frugis
998 2608 1017 2633 ε
1042 2608 1107 2644 pr.
1140 2595 1179 2645 (a
1207 2596 1288 2645 pr.)
1318 2595 1446 2646 fruges
1478 2591 1581 2633 cett.'
1603 2592 1655 2640 ς”

119 2647 233 2701 Pplz.'
253 2654 373 2691 schol.
396 2652 435 2688 Γ
460 2655 514 2691 ad
541 2655 652 2702 epist.
684 2653 697 2689 Ι
718 2652 744 2689 4
772 2655 936 2701 floriley.
962 2653 1212 2691 Nostradam.
1313 2657 1526 2690 consumere
1556 2655 1596 2691 F
1614 2653 1654 2701 (l)

232 2723 270 2747 u.
305 2711 358 2749 28
385 2716 467 2758 post
496 2723 532 2748 u.
556 2710 608 2748 29
639 2723 725 2757 pon.
748 2723 771 2747 r
792 2721 805 2747 1
893 2709 946 2748 28
977 2710 1156 2760 penelope
1177 2712 1217 2748 Ε
1234 2723 1251 2747 ε
1273 2710 1311 2760 (9
1331 2717 1364 2746 et
1383 2709 1410 2760 β
1430 2711 1472 2761 π)
1505 2711 1655 2759 penelo-

119 2778 185 2815 pae
223 2763 338 2805 cett.''
369 2780 392 2812 ς
428 2767 474 2815 (et
511 2769 636 2806 Fran.
677 2769 781 2815 Lz‘ps.
823 2769 932 2805 codd.
971 2768 1128 2815 Bland.)
1166 2768 1363 2805 Ausonius
1399 2767 1598 2815 penelopes
1630 2781 1655 2805 v

119 2824 318 2870 penelopes
347 2837 373 2872 y
406 2821 572 2876 [Basil]
602 2827 766 2874 floriley.
798 2825 1046 2862 Nostradam.
1178 2825 1413 2874 Alcinoique,
1444 2826 1529 2863 Fea

121 2880 173 2918 29
206 2892 300 2930 equo
330 2882 352 2918 λ
440 2887 591 2931 operata
621 2880 646 2919 δ
678 2894 834 2928 operosa
863 2894 890 2932 9
912 2878 1154 2933 [Petropolit.
1177 2878 1212 2933 2]
