1890 3106
747 124 831 151 mn.
866 122 879 148 1
912 122 964 156 ιι,
987 120 1089 147 13-30
1609 105 1690 147 241

264 242 375 288 grata
407 249 521 276 sume
553 249 672 277 manu
704 249 780 277 neu
812 233 943 275 dulcia
975 233 1089 274 differ
1119 234 1158 274 in
1191 246 1360 280 annum,

264 315 324 356 ut,
359 322 613 363 quocumque
643 310 732 351 loco
763 310 908 355 fueris,
941 309 1089 349 uixisse
1121 306 1294 348 libenter

263 389 302 424 te
334 384 455 425 dicas.
514 396 606 425 nam
636 385 669 424 si
699 385 801 424 ratio
834 390 872 424 et
900 381 1112 436 prudentia
1144 394 1280 428 curas,
1648 388 1692 419 25

263 471 341 498 non
375 458 486 499 locus
517 458 628 498 effusi
661 457 740 498 late
771 458 892 498 maris
923 456 1073 497 arbiter
1104 457 1253 503 aufert,

262 532 434 579 caelum,
468 545 546 573 non
579 532 754 572 animum
785 536 940 572 mutant
970 531 1040 582 qui
1070 536 1180 570 trans
1211 543 1320 571 mare
1352 536 1531 591 currunt.

262 612 423 647 strenua
456 619 528 647 nos
559 610 721 647 exercet
749 606 913 646 inertia:
947 604 1117 645 nauibus
1148 609 1265 658 atque

260 680 463 734 quadrigis
493 680 665 733 petimus
695 679 799 721 bene
831 681 982 720 uiuere.
1043 679 1148 733 quod
1180 679 1301 732 petis,
1334 677 1398 718 hic
1430 684 1510 723 est.

261 759 320 795 est
351 754 530 802 Vlubris,
563 755 718 795 animus
750 755 782 794 si
813 759 852 794 te
882 767 962 795 non
993 753 1125 794 deficit
1156 764 1290 805 aequs.
1647 759 1692 790 30

144 928 415 956 TESTIMONIA.

236 984 280 1016 23
306 983 354 1018 cf.
380 983 486 1017 Ouid.
513 982 649 1016 remed.
675 994 744 1016 am.
771 984 831 1016 93:
864 982 954 1016 ‘sed
979 993 1156 1026 propera,
1183 992 1252 1015 nec
1277 985 1315 1016 te
1340 983 1520 1015 uenturos
1546 981 1693 1014 differ

146 1029 190 1061 in
215 1031 381 1062 annos’
501 1030 556 1062 27.
582 1030 627 1062 30
651 1029 698 1063 ef.
726 1028 869 1062 Seneca
894 1039 951 1071 ep.
970 1027 1026 1062 111
1051 1029 1070 1061 7
1093 1026 1166 1070 (28)
1195 1030 1225 1064 1.
1250 1029 1282 1060 2.
1307 1028 1342 1060 4:
1369 1028 1552 1060 ‘animum
1578 1026 1692 1060 debes

144 1076 296 1116 mutare,
322 1085 396 1107 non
414 1074 568 1107 eaelum.
596 1074 685 1107 licet
702 1078 850 1108 uastum
867 1074 1064 1108 traieceris
1080 1084 1196 1115 mare,
1218 1101 1225 1109 .
1246 1098 1253 1106 .
1274 1097 1282 1106 .
1308 1077 1512 1116 sequentur
1529 1076 1578 1115 te,
1606 1083 1693 1116 quo-

148 1130 303 1163 cumque
329 1120 563 1163 perueneris,
590 1120 685 1152 uitia
713 1148 720 1156 ,
746 1149 754 1156 ,
780 1147 789 1156 .
817 1120 964 1162 quaeris
990 1130 1104 1163 quare
1130 1122 1166 1153 te
1191 1120 1283 1162 fuga
1312 1118 1385 1152 ista
1411 1129 1483 1152 non
1514 1118 1691 1152 adiuuet?

145 1168 266 1198 tecum
292 1166 392 1209 fugis
421 1163 486 1210 [cf.
511 1176 540 1198 c.
564 1165 601 1198 II
630 1166 688 1207 16,
721 1167 769 1200 19.
795 1163 855 1209 20]
886 1191 893 1199 .
918 1190 927 1199 .
954 1190 962 1198 .
988 1165 1109 1199 locum
1136 1176 1181 1198 ex
1205 1165 1288 1198 loeo
1313 1167 1451 1206 mutas,
1479 1175 1561 1197 cum
1586 1164 1690 1203 illud,

145 1211 242 1254 quod
267 1212 435 1254 quaeris,
461 1213 557 1245 bene
575 1212 702 1244 uiuere
722 1212 821 1244 omni
839 1211 920 1244 loco
940 1212 1097 1254 positum
1118 1211 1186 1244 sit'
1273 1212 1316 1243 27
1334 1210 1553 1252 florilegium
1571 1210 1690 1246 Paris.

144 1258 255 1291 8818·
279 1257 528 1300 Hieronymus
553 1257 662 1301 epist.
688 1258 730 1290 16
755 1257 803 1290 ad
826 1258 1029 1290 Damasum
1059 1268 1090 1292 c.
1115 1259 1135 1290 2
1165 1255 1343 1299 [VallarS.
1366 1256 1385 1288 1
1409 1254 1491 1300 420]
1526 1256 1691 1289 Pseudo-

147 1313 260 1336 acron
284 1302 460 1345 uolgatus
485 1302 533 1336 ad
560 1313 590 1336 c.
616 1302 653 1335 II
678 1305 711 1344 7,
737 1304 774 1344 43
801 1313 874 1336 non
899 1302 982 1336 Aer.
1007 1303 1140 1336 Petrus
1166 1302 1428 1336 Cluniaeensis
1453 1302 1562 1345 epist.
1580 1302 1618 1336 ΙΙ
1635 1303 1692 1334 44.

146 1348 196 1381 VI
219 1350 264 1382 47
293 1347 480 1391 [biblioth.
506 1347 676 1383 Cluniae.
703 1348 761 1381 ed.
786 1348 951 1382 Marrier.
979 1360 1014 1392 p.
1040 1346 1131 1383 '783¹’
1156 1346 1257 1391 956⁰]
1294 1347 1539 1381 Hildebertus
1563 1347 1691 1381 moral.

145 1393 278 1437 philos.
304 1405 338 1437 p.
363 1395 431 1428 980
455 1395 675 1428 Vincentius
699 1394 980 1428 Bellouacensis
1010 1394 1152 1438 specul.
1177 1394 1308 1427 histor.
1333 1394 1464 1427 V1168
1572 1395 1616 1427 28
1642 1394 1690 1429 cf.

146 1440 276 1472 Senec.
303 1439 438 1483 dialog.
464 1442 484 1473 9
503 1439 547 1472 de
566 1440 760 1483 tranquill.
778 1441 890 1473 animi
912 1443 964 1482 12,
982 1443 1017 1473 3.
1046 1441 1146 1473 ‘sine
1165 1440 1355 1483 proposito
1372 1442 1559 1482 uagantur
1578 1450 1690 1482 quae-

145 1489 270 1518 rentes
294 1486 448 1528 negotia
473 1509 481 1518 .
501 1496 747 1529 ..quorum
773 1496 848 1519 non
872 1486 1056 1519 immerito
1082 1486 1164 1529 quis
1193 1486 1445 1529 inquietam
1476 1485 1690 1518 inertiam

145 1530 304 1564 dixerit’
436 1532 479 1564 29
505 1510 557 1574 sq.
591 1531 710 1574 quod
735 1533 885 1575 quaeris
908 1521 1053 1575 ubique
1087 1536 1161 1573 est,
1191 1535 1248 1565 est
1272 1549 1314 1554 -
1341 1533 1504 1574 aequus'
1530 1532 1692 1564 Ioannes

146 1576 443 1610 Saresberiensis
469 1577 601 1620 policr.
627 1577 684 1610 111
708 1577 730 1610 8

898 1624 918 1635 x

143 1732 273 1761 VARIA
302 1733 468 1761 LECTIO.

139 1790 393 1828 Nos-tradam.
484 1802 583 1827 oram
615 1792 653 1828 E
677 1803 717 1839 p.
751 1803 831 1829 ras.
855 1803 878 1840 y
907 1803 948 1839 p.
981 1802 1063 1829 ras.
1097 1787 1202 1839 (πά
1225 1803 1280 1829 ri
1313 1796 1382 1829 aul
1408 1804 1473 1840 pr.
1507 1798 1541 1827 et
1570 1792 1634 1829 ille
1668 1793 1687 1829 1

146 1847 306 1895 Bland.)
336 1860 420 1894 opp.
451 1849 616 1897 florileg).
649 1849 897 1886 Nostradam.
929 1849 1057 1885 echas.
1091 1854 1195 1897 capt.
1317 1849 1370 1886 23
1402 1860 1593 1886 summanu
1624 1862 1647 1899 γ
1678 1862 1687 1886 1

259 1915 331 1941 neu
360 1901 424 1942 ,ΩΧ
444 1897 495 1948 ς”
529 1901 576 1953 (et
607 1903 761 1943 ‘multi’
794 1907 902 1943 codd.
937 1905 1110 1954 Cruquii)
1142 1907 1270 1943 Bentl.
1312 1918 1378 1940 nec
1409 1919 1434 1943 υ
1471 1905 1518 1953 (et
1549 1903 1574 1954 β
1604 1906 1634 1953 2)
1665 1919 1691 1955 y

142 1964 307 2011 florileg).
339 1963 585 2000 Nostradam.
617 1963 789 2000 Ioannes
821 1963 1069 2000 Vz‘ctorz'msz‘s
1157 1962 1210 1999 24
1242 1963 1286 1999 Vt
1311 1964 1350 2000 Ε
1366 1976 1390 2013 γ
1410 1975 1441 2010 φ
1462 1975 1478 1999 2
1499 1964 1538 2010 (0⁴
1560 1976 1583 2000 α
1604 1976 1629 2012 9
1650 1964 1690 2009 v)

141 2020 306 2068 florileg).
339 2019 587 2057 Nost-radam.
622 2020 676 2056 Tu
706 2016 830 2057 Ελέ
851 2015 946 2070 (βί)
965 2016 1047 2056 π’ν
1071 2026 1104 2056 ει
1125 2019 1150 2057 4
1171 2019 1330 2068 Bland.)
1438 2031 1622 2069 quocunsp
1656 2022 1694 2057 E

143 2074 195 2124 (v)
226 2088 308 2123 opp.
342 2077 449 2113 etiam
478 2078 643 2126 florileq.
678 2078 809 2115 Nostr.
961 2076 1014 2115 25
1046 2087 1131 2115 nam
1161 2073 1212 2128 si]
1244 2077 1356 2112 demit
1385 2078 1573 2114 Lehrsius
1610 2089 1690 2112 nam

145 2133 181 2167 ni
212 2133 418 2171 Mutherus
456 2146 539 2181 opp.
574 2136 741 2184 florileg).
773 2135 1021 2172 Nostradam.
1167 2135 1264 2172 racio
1296 2134 1317 2170 λ
1463 2147 1500 2172 u.
1532 2134 1586 2172 26
1619 2137 1688 2172 dcl.

145 2191 333 2228 Lehrsius
363 2204 445 2238 opp.
474 2193 641 2241 florileg).
675 2192 921 2230 Nostradam.
1040 2192 1092 2230 27
1126 2191 1270 2229 Caelum
1301 2184 1362 2229 52'
1481 2197 1623 2229 motam
1655 2193 1693 2230 E

257 2252 374 2282 mutat
404 2273 412 2282 .
447 2274 455 2282 .
490 2273 499 2282 .
532 2249 649 2282 currit
678 2249 942 2298 Hieronymus
978 2262 1060 2296 opp.
1097 2248 1261 2298 florileg).
1296 2250 1543 2288 Nostradam.

145 2301 225 2354 qui]
257 2303 281 2349 ἐ
307 2306 536 2355 florileyium
565 2306 697 2344 Paris.
728 2306 866 2344 88188ι
984 2307 1036 2345 28
1068 2307 1223 2344 Strenua
1254 2303 1316 2344 ,ΩΧ
1338 2302 1391 2351 ς”
1428 2299 1543 2355 ΡρΙῑ.’
1577 2309 1685 2355 flori-

142 2364 216 2411 leq.
249 2362 496 2400 Nostradam.
617 2363 669 2401 29
702 2362 874 2413 Quadigis
905 2376 923 2402 ε
1040 2365 1098 2401 hic
1128 2361 1203 2415 est]
1237 2364 1260 2401 h
1283 2376 1291 2400 :
1315 2377 1323 2400 :
1346 2376 1387 2400 z:
1419 2376 1436 2401 ε
1561 2376 1598 2401 u.
1633 2364 1689 2402 30

144 2431 213 2456 om.
248 2420 287 2456 Ε
305 2430 339 2463 1,
368 2421 456 2457 add.
479 2421 518 2457 Ε
535 2431 551 2457 2
580 2425 620 2458 ut
651 2421 728 2457 uid.
760 2421 799 2458 in
829 2433 952 2470 margy.
1043 2422 1098 2459 30
1127 2420 1190 2459 Est
1222 2420 1363 2459 ulubris
1395 2432 1412 2458 ε
1529 2432 1632 2467 aequs
1663 2434 1689 2471 y

147 2472 400 2526 [Montepess.
418 2472 508 2528 pn]
543 2489 680 2527 aequus
712 2473 774 2515 32'
