1890 3106
217 160 301 204 238
745 182 905 209 flouA'm
938 183 1232 212 nmsrvLARvM

335 303 416 329 non
448 292 619 341 equitem
653 291 791 340 dorso,
825 305 905 333 non
937 295 1095 334 frenum
1127 295 1277 347 depulit
1308 309 1392 337 ore.

333 364 388 402 sic
419 366 485 416 qui
516 367 747 418 pauperiem
779 368 930 408 ueritus
959 370 1115 421 potiore
1147 369 1314 409 metallis

332 437 517 478 libertate
549 445 677 485 caret,
710 431 910 481 dominum
943 441 1062 482 uehet
1091 443 1299 495 improbus
1320 450 1436 497 atque
1708 453 1754 485 40

331 513 480 551 seruiet
510 516 737 560 aeternum,
770 516 859 567 quia
891 528 1015 568 paruo
1047 517 1197 557 nesciet
1227 519 1322 557 uti„

331 587 394 624 eni
426 598 504 625 non
537 589 748 628 conueniet
777 601 845 628 sua
878 602 960 636 res,
993 596 1036 629 ut
1067 590 1222 630 calceus
1253 591 1368 637 olim,

333 661 365 698 si
396 660 498 712 pede
529 662 655 700 maior
687 663 781 708 erit,
814 662 1041 708 subuertet.
1075 665 1106 704 si
1139 665 1288 712 minor,
1321 671 1420 705 uret.

332 733 456 773 laetus
487 739 594 774 sorte
626 740 692 775 tua
723 737 837 776 uiues
867 738 1085 790 sapienter,
1118 739 1255 785 Aristi,

328 820 401 846 nec
433 820 495 847 ine
528 808 702 849 dimittes
731 811 1028 862 incastigatum,
1062 811 1128 850 ubi
1160 812 1272 864 plura
1705 820 1751 852 45

327 894 470 932 cogere
501 894 617 934 quam
649 885 744 923 satis
777 890 835 924 est
866 897 911 924 ae
942 896 1021 924 non
1053 897 1210 925 cessare
1242 885 1421 926 uidebor.

329 957 499 1007 imperat
529 962 594 995 aut
625 958 749 996 seruit
779 957 941 997 collecta
973 960 1142 1010 pecunia
1180 959 1341 1011 cuique,

330 1033 474 1068 tortum
507 1029 624 1081 digua
655 1031 765 1082 sequi
797 1032 926 1083 potius
958 1043 1072 1082 quam
1106 1032 1252 1072 ducere
1283 1034 1430 1073 sunem.

329 1102 427 1142 haec
458 1102 530 1142 tibi
561 1103 755 1143 dictabam
787 1111 876 1157 post
907 1106 1040 1145 sanum
1072 1112 1190 1158 putre
1221 1107 1423 1154 Vacunae,

329 1182 497 1228 excepto
530 1177 633 1228 quod
666 1190 744 1216 non
778 1179 894 1218 simul
925 1192 1052 1227 esses,
1085 1168 1215 1220 cetera
1246 1180 1385 1221 laetus.
1703 1190 1748 1222 50

212 1314 484 1342 TESTIMONIA.

300 1371 343 1402 41
369 1369 588 1411 florilegium
612 1369 731 1405 Paris.
759 1372 870 1404 8818a
900 1371 1128 1414 Augustinus
1162 1377 1303 1415 quaest.
1334 1373 1373 1406 in
1403 1373 1691 1418 heptateuchum
1716 1378 1748 1418 1,

211 1417 251 1448 31
280 1413 354 1459 [III
371 1426 404 1458 p.
424 1414 505 1457 556]
531 1415 662 1448 Petrus
688 1415 949 1450 Cluniacensis
973 1416 1150 1451 adversus
1173 1418 1394 1452 Iudaeorum
1409 1420 1657 1454 inueteratam
1682 1421 1747 1454 du-

211 1462 331 1494 ritiem
359 1472 389 1494 e.
407 1462 429 1492 4
458 1458 644 1503 [biblioth.
664 1461 830 1498 Cluniae..
849 1474 883 1505 p.
905 1460 1029 1506 1046³J
1052 1463 1201 1495 'Alcuini
1227 1464 1333 1507 epist.
1351 1465 1397 1497 ad
1415 1465 1460 1498 D.
1477 1466 1600 1499 Dauid
1625 1477 1660 1510 p.
1681 1469 1747 1501 769

212 1508 267 1539 ed.
293 1507 411 1538 Paris.
441 1507 525 1538 1617
551 1507 709 1539 Ioannes
742 1508 1038 1542 Saresberiensis
1063 1508 1231 1551 policrat.
1261 1510 1290 1542 V
1317 1511 1359 1542 10
1460 1512 1505 1543 42
1531 1522 1586 1554 sq.
1612 1512 1748 1545 florile-

210 1553 308 1594 gium
332 1552 452 1585 Paris.
477 1552 567 1584 8069
658 1554 702 1585 47
721 1562 773 1595 sq.
798 1553 951 1596 florileg.
969 1554 1200 1589 Nosti-adam.
1227 1552 1322 1598 (sine
1346 1555 1648 1600 interpolatione)
1668 1557 1746 1591 Hil—

209 1598 383 1630 debertus
407 1596 533 1628 moral.
558 1597 689 1639 philos.
713 1609 749 1640 p.
768 1600 850 1639 991,
876 1599 1015 1631 inserto
1040 1599 1136 1631 inter
1161 1599 1228 1632 hos
1252 1610 1381 1633 uersus
1406 1601 1621 1635 hexametro
1638 1603 1746 1636 que-

209 1643 305 1675 nalis
324 1643 378 1683 14,
396 1643 480 1675 304:
508 1645 518 1661 ⁰
532 1642 596 1675 sed
615 1646 714 1675 certe
732 1644 866 1676 misera
885 1647 942 1676 est
959 1645 1083 1687 magni
1101 1645 1271 1677 custodia
1289 1649 1442 1678 census’
1512 1649 1557 1680 4⁷
1573 1647 1746 1682 Donatus

209 1689 254 1720 ad
281 1688 430 1720 Terent.
456 1687 577 1729 hecyr.
602 1688 635 1720 II
661 1691 696 1728 1,
723 1690 766 1722 27
793 1689 1012 1723 Vincentius
1041 1690 1322 1723 Bellouacensis
1354 1691 1494 1734 specul.
1520 1692 1649 1726 histor.
1677 1694 1746 1726 VII

210 1735 253 1766 68
283 1734 441 1765 Ioannes
474 1732 768 1766 Saresberiensis
797 1735 926 1777 policr.
958 1736 1106 1781 111,12;
1145 1736 1193 1768 cf.
1226 1735 1475 1769 Columbanus
1513 1737 1561 1770 ad
1592 1738 1745 1772 Sethum

208 1789 244 1810 u.
263 1781 326 1811 51:
353 1782 443 1810 ‘nec
462 1779 594 1811 subitis
613 1783 742 1821 pereat
767 1780 966 1813 collecta
991 1781 1186 1823 pecunia
1210 1781 1385 1814 flammis'
1469 1783 1514 1816 48
1531 1783 1580 1818 cf.
1599 1784 1746 1818 eebasis

211 1824 353 1866 captiui
376 1834 410 1855 u.
437 1824 521 1855 484:
549 1827 739 1867 ‘prompta
765 1826 870 1868 sequi
894 1829 1031 1858 tortum
1055 1827 1195 1869 potius,
1221 1837 1330 1869 quam
1355 1827 1478 1861 dicere
1503 1831 1652 1862 uerum’

208 1870 252 1902 49
279 1870 327 1901 cf.
353 1869 491 1902 testim.
516 1869 564 1902 ad
589 1871 699 1913 epist.
723 1870 760 1903 11
785 1872 824 1910 2,
850 1872 917 1904 214

207 1985 337 2012 VARIA
367 1985 536 2013 LECTIO.

207 2049 351 2077 tuentur
388 2044 471 2079 Fea
509 2049 544 2078 et
581 2043 754 2081 Rz'llerus
793 2044 932 2079 ‘locum
968 2056 1097 2079 sanum
1135 2047 1383 2091 deprauarunt
1419 2047 1575 2081 homines
1609 2046 1742 2084 critici'

211 2099 400 2136 Obbarius
516 2099 568 2137 39
601 2103 750 2137 ueritus
781 2101 819 2137 E
931 2100 987 2138 40
1017 2101 1118 2138 uehit
1148 2103 1187 2138 E
1210 2113 1235 2148 y
1268 2103 1396 2144 Bentl.
1436 2103 1546 2140 uehet
1576 2099 1743 2149 cett.';''

206 2153 318 2203 Pph!
348 2158 510 2204 floriley.
545 2157 790 2194 Nostradam.
891 2157 1078 2206 improbus
1109 2155 1208 2201 52¹3
1226 2157 1273 2206 (ct
1294 2170 1323 2193 π
1350 2158 1491 2207 Fran.)
1520 2160 1586 2208 Pf.
1616 2159 1742 2207 inpro-

206 2214 276 2246 bus
299 2225 321 2248 ν
341 2214 440 2260 Pph.
464 2214 579 2254 floril.
603 2214 733 2250 Noslr.
758 2226 775 2250 ε
796 2226 833 2250 n.
855 2216 881 2250 ἰ.
911 2222 985 2259 ῑρτ.
1007 2227 1030 2263 9
1135 2214 1187 2251 41
1222 2216 1303 2263 quia
1324 2212 1451 2259 ,Ω’ς”
1471 2215 1519 2264 (et
1539 2216 1566 2253 4
1586 2216 1743 2265 Bland.)

206 2271 267 2317 qui
297 2283 320 2319 γ
344 2282 388 2317 p.
411 2280 492 2306 ras,
521 2282 546 2316 ῃ
568 2282 598 2306 ω
628 2271 866 2318 Augustinus
893 2271 1082 2320 florileqia
1114 2272 1360 2309 Nostradam.
1392 2279 1425 2307 et
1451 2273 1582 2310 Paris.
1604 2274 1742 2312 8818ss

205 2328 391 2364 Alcuz'nus
412 2326 555 2363 Petrus
577 2327 682 2363 Clun.
705 2326 842 2364 Ioann.
866 2327 1069 2364 Saresber.
1101 2339 1173 2375 qua
1193 2336 1216 2363 6
1237 2338 1249 2364 1
1308 2343 1310 2345 r
1335 2340 1451 2374 paruo
1482 2329 1570 2375 quia
1601 2329 1743 2366 nesciet

208 2384 260 2416 uti
293 2396 316 2419 ν
458 2384 595 2420 nesciat
625 2395 642 2420 ε
670 2396 733 2431 pr.
763 2397 789 2432 y
819 2385 956 2421 nesciet
987 2381 1090 2421 cett!
1114 2381 1172 2428 ς”
1213 2385 1259 2432 (et
1286 2384 1312 2421 4
1335 2384 1493 2433 Bland.)
1525 2388 1740 2425 testimonia

321 2473 374 2510 42
407 2470 467 2524 ut]
499 2478 535 2510 et
566 2475 604 2510 F
623 2470 659 2509 λ’
748 2474 880 2511 callens
912 2487 929 2512 ε
1024 2474 1078 2513 43
1111 2454 1194 2510 urgt
1222 2488 1248 2512 v
1279 2481 1389 2520 urget
1418 2485 1483 2525 69
1510 2488 1537 2524 y
1567 2489 1647 2524 opp.
1679 2473 1741 2514 52‘

207 2527 259 2574 ς”
288 2532 453 2579 floriley.
476 2531 723 2568 Nostradam.
757 2538 790 2566 et
809 2532 938 2569 Paris.
963 2532 1073 2570 8069
1106 2539 1138 2567 ct
1157 2537 1203 2574 cf.
1225 2533 1407 2579 Propert.
1431 2532 1457 2567 V
1478 2533 1517 2580 3,
1540 2533 1592 2571 23
1628 2533 1738 2571 Ouid.

205 2589 347 2624 remed.
379 2600 453 2624 am.
487 2586 567 2624 235
675 2587 729 2623 44
761 2589 853 2624 uiuis
886 2590 924 2625 Ε
941 2599 949 2624 ι
977 2601 1057 2635 opp.
1090 2590 1250 2638 floriley.
1284 2589 1531 2626 Nostradam.
1638 2591 1739 2627 eristi

207 2645 270 2679 E1
346 2643 400 2681 45
432 2644 589 2680 dimittes
607 2641 669 2680 SZ'
684 2658 707 2689 ς
726 2644 773 2692 (et
792 2643 818 2694 β
838 2645 957 2694 Lips.)
978 2645 1131 2680 dimittis
1150 2658 1176 2682 ν
1196 2645 1243 2693 (et
1263 2645 1305 2692 π)
1327 2645 1487 2679 dimittas
1506 2658 1532 2694 y
1555 2642 1697 2697 [Fran.
1725 2656 1736 2682 ι

205 2697 289 2750 cclii]
398 2700 450 2738 46
483 2701 564 2737 faus
596 2705 616 2738 e
636 2714 659 2750 γ
773 2701 826 2738 47
859 2708 919 2738 aut
947 2698 1008 2739 ,ΩΧ
1027 2714 1050 2746 ς
1076 2701 1123 2749 (et
1143 2698 1189 2738 π’
1209 2702 1349 2749 Fran.)
1368 2703 1530 2751 florileg).
1554 2703 1738 2740 Nostrad.

204 2768 245 2789 ac
271 2770 296 2804 y
328 2753 371 2806 [β
395 2768 403 2793 1
438 2754 522 2807 alii]
557 2759 652 2792 haud
693 2759 935 2806 incidemus,
965 2761 1026 2794 sed
1055 2764 1098 2805 cs.
1122 2759 1258 2796 Senec.
1280 2760 1326 2795 de
1347 2759 1427 2795 uita
1450 2760 1563 2796 beata
1594 2759 1670 2807 26,
1694 2760 1737 2796 1:

204 2811 215 2829 ε
229 2813 379 2846 diuitiae
410 2814 505 2848 enim
525 2815 621 2860 apud
644 2815 846 2859 sapientem
867 2815 984 2850 uirum
1006 2816 1044 2850 in
1066 2816 1249 2850 seruitute
1271 2820 1378 2859 sunt,
1409 2815 1505 2860 apud
1527 2815 1679 2851 stultum
1698 2817 1736 2850 in

205 2869 378 2915 imperio’
459 2870 511 2908 48
534 2873 659 2920 pocius
683 2871 702 2907 λ
782 2871 836 2910 50
867 2870 982 2923 quod]
1008 2870 1089 2921 qui
1110 2873 1148 2909 F
1220 2877 1360 2909 caetera
1379 2884 1403 2921 γ
1424 2873 1463 2908 F
1481 2867 1520 2908 λ’
1597 2873 1693 2910 letus
1707 2885 1738 2924 ,γ
