1820 3094
755 128 839 157 mn.
870 129 905 156 11
935 129 967 163 1,
991 127 1093 154 20—46
1637 112 1691 155 97

269 242 402 282 uotiua
433 247 566 295 pateat
597 242 723 282 ueluti
753 242 953 295 descripta
982 241 1127 282 tabella

269 318 349 357 uita
380 317 524 357 senis'.
583 329 730 370 sequor
759 316 886 362 hunc,
918 316 1102 357 Lucanus
1132 329 1182 356 an
1212 315 1379 369 Apulus,
1412 327 1577 368 anceps:

268 403 359 431 nam
390 391 615 431 Venusinus
645 397 732 431 arat
760 391 879 431 finem
911 390 986 431 sub
1018 396 1233 444 utrumque
1263 390 1441 437 colonus,
1649 395 1693 427 35

269 466 414 506 missus
446 465 493 504 ad
525 464 601 505 hoc
631 465 782 518 pulsis,
815 470 931 505 uetus
963 470 1022 505 est
1051 471 1094 506 ut
1123 466 1246 512 fama,
1280 463 1468 510 Sabellis,

269 540 281 558 ³
300 539 427 591 quo‘?'
460 551 511 579 ne
540 552 614 592 per
645 551 816 580 uacuum
846 539 1026 580 Romano
1057 540 1285 580 incurreret
1313 539 1458 584 hostis,

268 614 354 654 siue
385 612 488 666 quod
518 613 643 667 Apula
675 626 772 666 gens
803 627 872 654 scu
903 613 1008 671 quod
1040 613 1212 654 Lucania
1244 613 1391 654 bellum

267 689 467 728 incuteret
496 687 684 729 uiolenta.
744 688 814 728 sed
846 688 912 728 hic
941 688 1055 728 stilus
1085 688 1165 728 hau
1194 692 1304 740 petet
1335 687 1439 728 ultro

269 774 508 816 quemquam
538 763 782 803 animantem
813 767 852 803 et
881 775 946 803 me
978 761 1102 804 ueluti
1132 762 1329 803 custodiet
1358 763 1465 802 ensis
1650 768 1697 800 40

270 838 412 888 uagina
443 841 589 877 tectus:
623 849 743 890 quem
773 850 844 877 cur
876 836 1126 889 destringere
1157 849 1280 877 coner

270 916 378 951 tutus
398 909 457 949 'ab
487 911 644 951 infestis
673 911 919 952 latronibus?
959 924 982 951 o
1012 918 1127 965 pater
1159 916 1200 952 et
1227 924 1299 952 rex

271 984 469 1037 luppiter,
503 990 546 1025 ut
576 991 717 1037 pereat
745 986 919 1038 positum
949 985 1132 1038 robigine
1162 985 1306 1032 telum,

203 1043 242 1058 V
270 1070 346 1098 nec
376 1060 588 1111 quisquam
618 1064 760 1100 noceat
790 1060 933 1113 cupido
965 1060 1063 1100 mihi
1092 1061 1220 1113 pacis!
1260 1065 1299 1100 at
1328 1059 1395 1100 ille

271 1133 338 1184 qui
368 1145 433 1173 me
465 1134 676 1174 commorit
707 1132 862 1184 (melius
893 1147 973 1174 non
1004 1135 1189 1187 tangere!
1222 1134 1384 1188 clamo),
1651 1141 1696 1174 45

269 1205 381 1248 flebit
412 1212 452 1247 et
480 1208 649 1260 insignis
679 1213 761 1248 tota
791 1208 1017 1250 cantabitur
1048 1208 1160 1249 urbe.

287 1300 429 1303 ἡὴ
1525 1300 1572 1341 &a

155 1357 426 1386 TESTIMONIA.

247 1425 291 1457 35
316 1418 461 1467 Porph.'
479 1425 556 1457 uita
581 1425 711 1460 Horat.
805 1426 942 1459 42—43
968 1428 1010 1458 *ο
1035 1444 1074 1449 -
1104 1427 1276 1470 rubigine
1303 1427 1461 1460 ferrum’
1488 1427 1604 1464 Prisc.
1628 1429 1697 1463 XV

155 1470 193 1508 6,
217 1470 262 1503 35
398 1470 546 1503 44—46
572 1473 633 1503 ‘at
662 1488 707 1493 —
736 1470 860 1503 flebit’
892 1471 1011 1504 Prisc.
1035 1472 1143 1505 XVII
1169 1474 1206 1514 1,
1232 1474 1253 1506 5
1391 1474 1437 1505 44
1461 1483 1515 1516 sq.
1541 1473 1588 1506 cf.
1613 1474 1711 1509 ecb:

155 1514 297 1557 captiui
320 1515 519 1549 553—555:
553 1519 644 1549 ‘nec
669 1516 861 1559 quisquam
885 1520 1021 1550 noceat
1046 1517 1178 1561 cupido
1202 1518 1292 1550 mihi
1315 1519 1438 1561 pacis,
1464 1523 1508 1561 et-
1524 1519 1624 1552 ultra
1650 1519 1696 1552 de

155 1562 268 1603 grege
295 1564 498 1595 conuentus
523 1572 596 1594 non
627 1562 692 1601 sit,
726 1562 788 1604 qui
820 1562 993 1596 calcitret
1016 1563 1132 1606 ullus,
1165 1564 1229 1607 qui
1253 1567 1291 1597 te
1317 1564 1532 1607 commouit,
1563 1565 1697 1598 melius

154 1616 229 1639 non
253 1608 408 1650 tangere
435 1606 566 1641 scibit’
662 1609 808 1642 45—-46
834 1610 920 1652 ‘qui
942 1627 988 1632 —
1011 1609 1137 1643 flebit’
1162 1610 1279 1643 Prisc.
1306 1611 1340 1644 X
1365 1612 1404 1652 3,
1432 1611 1474 1643 16

153 1751 283 1780 VARIA
311 1752 479 1780 anno.

269 1820 323 1859 34
355 1807 483 1870 apolus
513 1832 537 1870 γ
568 1821 697 1870 apulus
730 1814 991 1867 cett.';'Acr.
1024 1823 1184 1871 appulus
1216 1812 1285 1873 v'y
1380 1824 1434 1863 35
1465 1822 1592 1877 finem]
1625 1829 1695 1863 om.

117 1893 119 1895 V
154 1901 254 1948 Pph.
275 1897 371 1948 'opp.
403 1896 565 1949 Porph!
588 1904 669 1939 uita
700 1903 799 1940 Hor.
891 1903 945 1944 36
975 1877 1119 1949 Μεξεευε
1150 1904 1186 1940 D
1216 1916 1298 1951 opp.
1326 1905 1418 1942 Acr.
1517 1902 1575 1957 ut]
1609 1910 1646 1940 et
1673 1920 1697 1956 9

151 1981 178 2016 y
267 1969 319 2007 37
352 1981 424 2018 quo
456 1966 521 2020 ne]
557 1982 601 2004 ne
632 1982 705 2016 quo
737 1971 996 2009 Doederlinus
1026 1985 1108 2019 opp.
1139 1972 1232 2009 Acr.
1333 1984 1484 2010 uacuum
1503 1967 1693 2019 sz'g'Ae.

153 2026 326 2074 (unctium
357 2025 466 2074 Acr.)
556 2027 609 2065 38
641 2022 735 2076 Sssue
765 2027 786 2063 λ
873 2029 971 2077 quod
992 2058 1000 2067 .
1025 2058 1033 2066 .
1059 2058 1067 2066 .
1092 2025 1211 2080 quod]
1245 2030 1334 2075 quid
1355 2059 1364 2067 .
1387 2059 1396 2067 .
1422 2059 1430 2067 .
1454 2031 1544 2077 quid
1566 2032 1693 2070 Bentl.

267 2084 403 2130 appula
432 2097 455 2119 ν
477 2084 526 2132 (et
544 2082 584 2134 β)
681 2096 746 2122 seu
778 2091 870 2134 quot
900 2086 937 2122 F
1019 2083 1175 2138 bellum]
1210 2087 1296 2121 belli
1327 2089 1457 2125 Bentl.
1555 2089 1607 2126 39
1639 2089 1695 2126 ln-

154 2140 280 2210 cutissr&
312 2165 349 2201 Ε
469 2170 526 2201 set
555 2177 579 2215 γ
610 2166 640 2201 si
672 2166 710 2201 E
737 2177 817 2213 opp.
848 2161 962 2214 Pplz.‘
986 2167 1056 2203 Ac.
1181 2167 1251 2201 hau
1283 2168 1383 2216 Pph.
1425 2169 1513 2205 haut
1543 2168 1616 2206 Ελ
1643 2169 1694 2218 (σ)

154 2243 248 2280 haud
271 2248 358 2281 cett.
382 2239 421 2289 ς’
442 2244 508 2293 Pf,
540 2249 604 2279 aut
635 2251 698 2280 aut
728 2249 770 2279 ut
790 2257 841 2282 αι
919 2243 1039 2297 petet]
1072 2216 1156 2296 pit'g
1180 2245 1247 2295 (an
1267 2244 1386 2297 pre't?)
1418 2249 1457 2285 E
1474 2261 1557 2296 opp.
1579 2245 1695 2297 Pplz!

153 2300 247 2345 petit
275 2309 299 2336 σ
326 2313 352 2349 y
381 2313 463 2348 opp.
494 2295 611 2350 Ppks
696 2301 752 2340 40
783 2299 1020 2354 quemquam]
1053 2302 1169 2354 Queq3
1201 2317 1226 2342 u
1314 2304 1367 2341 41
1400 2303 1526 2357 quem]
1562 2307 1635 2356 qu}
1661 2308 1699 2344 E

153 2369 234 2404 opp.
265 2359 335 2395 Ac.
367 2360 460 2396 Acr.
577 2359 806 2408 destringere
835 2361 1008 2411 ΒΕγψ
1037 2373 1125 2398 uar.
1157 2357 1197 2407 ς’
1228 2361 1449 2412 distringere
1479 2360 1608 2401 Ft'u

153 2425 265 2451 coner
294 2415 331 2452 D
360 2417 400 2452 in
431 2427 510 2453 ras.
620 2429 657 2453 u.
688 2416 742 2452 42
773 2419 813 2454 in
843 2429 989 2456 rasura
1022 2419 1056 2455 D
1161 2418 1216 2465 43
1247 2419 1410 2469 Iuppiter
1440 2417 1560 2465 Eug'
1591 2421 1691 2469 Pph.

153 2471 288 2520 Iupiter
317 2472 394 2522 Dy
412 2473 451 2510 F
462 2469 503 2509 λ’
532 2472 586 2521 (a)
615 2473 680 2521 Pf.
798 2475 959 2523 positum
991 2471 1052 2511 ,ΩΧ
1074 2472 1113 2520 ς’
1147 2473 1262 2524 Pplz.'
1298 2477 1531 2515 Priscianus
1567 2478 1692 2523 potius

152 2529 308 2566 Peerlk.
350 2547 353 2551 ·
398 2529 563 2579 robigine
595 2532 634 2567 E
644 2542 670 2578 y
700 2530 868 2580 rubigine
899 2528 1047 2576 cett.';'
1067 2533 1301 2571 Priscianus
1395 2531 1527 2585 telum]
1562 2535 1693 2571 taelum

153 2578 238 2622 Ft'
266 2587 403 2620 ferrum
436 2587 667 2626 Priscianus
687 2601 769 2635 opp.
792 2588 862 2626 Ac.
886 2589 1017 2624 collum
1036 2603 1063 2639 y
1083 2603 1165 2637 opp.
1188 2590 1258 2628 Ac.
1349 2590 1404 2627 44
1424 2588 1540 2642 pacis]
1571 2593 1694 2640 paucis

153 2648 188 2691 ψ
220 2655 256 2680 cc.
289 2654 370 2680 ras.
403 2643 429 2691 (l
460 2657 498 2682 a.
530 2644 626 2692 ras.)
713 2645 775 2682 ille
796 2642 902 2690 ,Ω’ς’
922 2647 1153 2685 Priscianus
1182 2647 1235 2681 illi
1264 2648 1421 2685 Peerlk.
1510 2647 1564 2686 45
1596 2660 1694 2686 com-

153 2701 264 2737 morit
283 2701 404 2750 DEy
421 2714 446 2739 u
465 2698 584 2746 ςἈσ.
615 2703 812 2740 Priscian.
845 2705 1026 2741 conmorit
1046 2704 1111 2742 F).
1142 2705 1335 2739 commouit
1365 2706 1444 2742 ecb.
1476 2710 1582 2753 capt.
1609 2719 1692 2754 opp.

104 2760 108 2763 ’
153 2757 464 2794 Acr.commordit
482 2771 508 2807 y
529 2759 763 2808 Rutqersius
856 2759 910 2799 46
942 2761 1049 2796 fleuit
1080 2761 1104 2799 5
1137 2763 1246 2799 codd.
1270 2761 1469 2800 Prisciani
1485 2764 1550 2800 lib.
1574 2762 1693 2812 XVII.⁷

155 2836 178 2872 2
211 2839 321 2875 codd.
352 2839 417 2876 ab.
450 2839 491 2876 x.
524 2852 607 2887 opp.
638 2839 732 2876 Aer.
822 2837 918 2891 tota]
948 2818 1037 2879 imm
1070 2843 1107 2878 E
1135 2855 1217 2888 opp.
1253 2842 1344 2879 Aer.
1436 2842 1526 2893 ανὴρ
1554 2845 1593 2881 F
1636 2890 1641 2891 ⁷

222 2924 408 2949 flonA'rivs
435 2926 466 2948 11
493 2924 506 2947 1
1099 2947 1101 2949 ,
1467 2922 1486 2954 7
