1890 3106
779 141 863 168 ΜΒ.
896 141 929 169 11
957 142 991 175 2,
1015 141 1100 167 3—22
1627 127 1713 170 309

285 265 351 292 res
383 257 498 305 urget
528 266 591 294 me
622 253 748 293 nulla:
770 260 872 294 meo
903 266 991 294 sum
1022 266 1174 307 pauper
1204 254 1246 293 in
1277 266 1383 294 aere.

284 339 403 367 nemo
434 327 509 368 hoc
539 339 782 379 mangonum
814 328 965 368 faceret
994 327 1086 374 tihi;
1120 341 1200 368 non
1232 333 1385 369 temere
1415 342 1437 368 a
1469 342 1533 369 me

283 402 415 454 quiuis
445 402 570 442 ferret
599 402 718 443 idem.
753 426 804 432 —
837 402 960 443 semel
989 403 1055 444 hic
1087 404 1261 443 cessauit
1292 408 1349 449 et,
1383 409 1427 444 ut
1457 404 1519 450 fit,

284 477 324 516 in
355 475 475 516 scalis
505 475 619 516 latuit
650 482 832 517 metuens
863 477 1076 528 pendentis
1106 475 1333 517 habenaez’
1670 485 1711 515 15

284 549 354 591 des
386 563 590 597 nummos,
624 556 788 604 excepta
820 551 918 591 nihil
951 557 989 591 te
1019 552 1053 591 si
1082 551 1176 604 suga
1206 551 1352 592 laedat:

283 623 351 665 ille
383 623 485 665 ferat
514 625 685 677 pretium
717 637 870 677 poenae
902 638 1068 666 securus
1099 626 1253 678 opinor.

281 698 460 751 prudens
492 699 622 738 emisti
651 700 856 746 uitiosum,
889 699 991 740 dicta
1025 697 1171 740 *tibist
1201 699 1284 739 lex:

281 773 506 825 insequeris
537 778 669 813 tamen
700 773 808 813 hunc
839 778 878 813 et
908 772 976 813 lite
1007 775 1178 814 moraris
1209 774 1370 826 iniqua?

281 846 362 886 dixi
392 859 455 887 me
484 848 643 900 pigrum
675 849 944 901 proficiscenti
975 847 1068 895 tibi,
1101 848 1182 888 dixi
1666 858 1710 887 '20

282 920 425 961 talibus
457 922 599 962 officiis
629 934 755 975 prope
787 934 992 968 mancum,
1024 935 1075 963 ne
1107 936 1194 963 mea
1226 936 1370 964 saeuos

281 996 462 1047 iurgares
493 996 540 1036 ad
573 1003 611 1036 te
642 997 749 1048 quod
782 995 950 1049 epistula
983 996 1090 1038 nulla
1122 998 1284 1038 rediret.

166 1170 438 1198 TESTIMONIA.

258 1226 301 1258 13
325 1227 452 1258 ‘nemo
476 1241 523 1247 —
546 1224 639 1258 tibi’
666 1225 888 1268 glossarium
913 1226 991 1259 Mai
1017 1224 1177 1270 [elassie.
1204 1229 1300 1262 auct.
1326 1228 1415 1261 VIII
1440 1226 1523 1271 334]

164 1387 294 1416 VARIA
324 1388 493 1415 LECTIO.

167 1446 245 1480 uolt
263 1457 289 1493 9
314 1441 416 1496 [cod.
444 1444 673 1493 Cor-beianff
661 1442 726 1497 (?)]
762 1446 842 1483 uult
863 1447 901 1483 Ε
918 1447 957 1483 F
973 1438 1014 1482 λ’
1026 1443 1078 1491 ς’
1167 1447 1361 1484 extrudere
1383 1449 1419 1484 E
1439 1443 1498 1498 (β’
1507 1456 1530 1484 σ
1551 1461 1574 1485 α
1595 1461 1620 1497 9
1640 1461 1662 1485 r
1683 1461 1708 1485 v

165 1510 198 1538 et
218 1502 339 1551 Lips.)
357 1504 532 1570 florile9.
556 1503 681 1540 Basil.
711 1503 904 1540 excludere
925 1505 963 1540 F
980 1494 1020 1540 λ’
1028 1516 1045 1541 ε
1068 1501 1107 1551 (d
1125 1511 1158 1539 et
1178 1515 1208 1540 π
1229 1503 1255 1540 4
1277 1504 1420 1542 Bland.
1424 1504 1436 1552 )
1527 1505 1578 1542 12
1601 1512 1709 1554 urget

166 1561 205 1597 E
221 1561 260 1597 F
278 1554 317 1595 λ’
329 1556 367 1604 ς’
370 1556 515 1608 '.'Pplz
546 1562 678 1604 urgu&
699 1573 723 1597 a
816 1560 866 1596 14
889 1559 1033 1605 Quisuis
1055 1562 1094 1598 F
1180 1561 1230 1599 15
1253 1561 1331 1595 Sub
1353 1562 1464 1596 scalis
1483 1574 1521 1610 9,
1543 1565 1604 1598 sed
1624 1566 1708 1598 uide

166 1617 344 1655 Richium
374 1628 403 1655 3.
428 1629 463 1655 u.
488 1619 599 1654 scala
687 1617 797 1654 scolis
818 1612 857 1654 λ’
878 1614 950 1666 (β’)
1040 1618 1178 1655 habene
1199 1618 1219 1654 λ
1333 1626 1412 1666 post
1443 1632 1481 1656 u.
1505 1620 1557 1657 15
1586 1621 1707 1657 Lelzr-

165 1677 247 1712 sius
275 1676 370 1710 hunc
400 1676 612 1721 interpolat.-
643 1675 697 1709 sic
727 1674 759 1708 si
791 1674 890 1720 quod
921 1674 1013 1709 satis
1046 1680 1104 1709 est
1134 1675 1295 1721 sapienti
1326 1677 1424 1710 dicat
1454 1682 1601 1722 aperte,

167 1732 218 1769 16
248 1733 379 1767 Horati
406 1734 534 1778 uerba,
576 1744 648 1766 77071
678 1733 870 1778 mangonis
900 1734 1074 1768 uernulae
1102 1733 1190 1768 uitia
1230 1746 1337 1778 quam
1373 1731 1526 1769 maobime
1554 1736 1710 1782 tegentis

277 1785 386 1839 nihil]
418 1789 517 1834 plani
547 1790 593 1826 E.
627 1789 666 1826 0.
698 1789 933 1827 Franckeus
1047 1790 1136 1839 fuga
1166 1802 1183 1826 ε
1235 1831 1238 1834 ,
1281 1791 1400 1828 laedat
1430 1792 1469 1828 F
1486 1791 1524 1839 (6
1546 1794 1604 1829 al
1626 1799 1658 1827 et
1678 1789 1707 1842 β

164 1844 285 1894 Lips.)
316 1846 413 1883 ledat
435 1845 504 1882 Ελ
526 1845 566 1893 (d
582 1859 607 1895 9
626 1858 652 1882 v
674 1852 707 1881 et
727 1858 756 1881 π
778 1845 915 1894 Fran.)
947 1846 1044 1883 ledet
1065 1859 1083 1883 ε
1105 1844 1144 1896 (r
1162 1847 1189 1895 1)
1209 1858 1235 1895 9
1267 1848 1379 1882 laedit
1398 1844 1505 1899 9[V
1520 1856 1553 1884 et
1576 1849 1596 1886 1
1622 1850 1706 1887 cod.

167 1899 337 1953 Bentlez']
372 1904 591 1950 Bentleius,
623 1903 765 1950 magis
795 1915 837 1938 ex
870 1916 967 1938 more
995 1904 1218 1939 Horatiano'
1245 1901 1297 1955 [?]
1418 1906 1469 1942 17
1502 1906 1594 1943 serat
1617 1907 1656 1944 E
1673 1907 1712 1943 F

166 1956 204 1995 λ’
217 1956 257 2004 ς’
259 1954 404 2007 ‘.ppk'
434 1961 531 1994 feret
562 1973 592 1997 ω
625 1958 809 1994 ‘subibit'
840 1955 1000 2007 Porph!
1019 1963 1059 1997 in
1080 1964 1326 2009 interpretat.
1416 1973 1534 2011 poene
1556 1959 1650 1999 ΕΓ

167 2017 218 2054 18
250 2018 427 2054 uiciosum
449 2016 483 2052 λ
557 2017 650 2053 dicta
681 2017 745 2054 tibi
776 2022 831 2053 est
861 2017 918 2054 lex
941 2030 958 2054 ε
980 2013 1042 2064 (π’
1051 2027 1074 2054 σ
1095 2031 1119 2055 α
1139 2029 1156 2055 2
1177 2031 1199 2055 r
1217 2018 1258 2066 v)
1288 2018 1385 2053 dicta
1416 2019 1484 2053 tibi
1515 2024 1574 2054 est
1592 2017 1707 2068 Ppk!

164 2074 259 2111 dieta
289 2079 346 2110 est
375 2073 440 2110 tibi
469 2074 526 2110 lex
549 2075 586 2110 E
605 2073 658 2121 (a)
690 2074 783 2110 dieta
816 2073 879 2111 tihi
909 2075 966 2111 lex
997 2081 1053 2112 est
1074 2076 1112 2112 F
1129 2067 1168 2110 λ’
1199 2075 1296 2109 dicta
1317 2075 1430 2124 (dista
1450 2078 1477 2113 d
1497 2075 1523 2123 1)
1551 2075 1618 2110 tibi
1648 2076 1706 2111 lex

163 2127 210 2181 β’
231 2133 258 2168 d
276 2142 292 2168 2
311 2143 335 2179 9
353 2127 597 2196 9[Bruoeell.
625 2128 949 2183 iZulwhemian.]
984 2137 1042 2166 est
1072 2132 1170 2166 dicta
1199 2133 1264 2166 tibi
1296 2132 1354 2167 lex
1382 2144 1409 2180 9
1434 2129 1704 2184 [Valentiam]

279 2187 330 2225 19
361 2189 497 2236 iniqua.
528 2191 747 2237 interpun9.
781 2193 817 2226 et
847 2190 1021 2227 codicum
1052 2194 1089 2226 et
1118 2191 1306 2228 editorum
1329 2201 1433 2238 pars

278 2268 333 2306 20
354 2267 542 2305 DENVO
571 2268 781 2305 INCIPIT
797 2266 841 2311 δ,-
871 2265 944 2305 ,Ω”
964 2282 1023 2302 =
1043 2270 1137 2307 EF
1154 2265 1195 2306 λ’
1216 2269 1251 2317 (λ
1270 2269 1298 2317 l)
1320 2266 1363 2306 δ’
1385 2267 1423 2316 (ὃ
1444 2269 1484 2317 d)
1505 2281 1542 2312 ε,·
1576 2265 1628 2314 ς”
1648 2285 1704 2303 :z

163 2330 239 2363 aut.
262 2321 391 2362 omne's
417 2326 525 2362 codd.
558 2320 602 2375 β’
631 2322 669 2374 (β
698 2324 837 2373 Fran.)
867 2318 912 2362 π’
940 2325 984 2374 (π
1011 2326 1131 2375 Lips.)
1159 2335 1182 2362 σ
1204 2340 1226 2364 α
1248 2340 1272 2376 9
1299 2340 1321 2363 7·
1350 2326 1433 2375 (dl)
1466 2332 1535 2364 aut
1569 2328 1706 2365 horum

164 2383 273 2420 codd.
295 2393 341 2419 ea
359 2393 460 2429 pars
481 2393 533 2420 ex
553 2384 691 2431 quibus
710 2395 786 2420 non
808 2384 911 2420 aliae
930 2385 1117 2421 lectiones
1139 2389 1347 2426 nocantur,·
1370 2395 1394 2428 ς
1409 2399 1468 2416 =
1489 2389 1556 2421 aul
1577 2396 1706 2423 omnes

163 2441 272 2477 codd.
303 2447 327 2475 ο·
347 2452 371 2476 α
391 2451 414 2485 9
436 2452 458 2475 r
486 2438 527 2487 (d
545 2439 572 2486 l)
605 2443 673 2476 aut
702 2441 844 2477 horum⁴
876 2441 984 2478 codd.
1026 2451 1069 2477 ea
1098 2452 1199 2489 pars
1236 2452 1289 2479 eoe
1319 2442 1457 2490 quibus
1493 2453 1570 2479 non
1602 2444 1705 2479 aliae

161 2498 348 2534 lectiones
376 2500 563 2534 notantur

278 2587 328 2624 21
354 2586 478 2625 offitiis
499 2600 531 2636 φ
590 2584 655 2638 ne]
672 2548 755 2625 [gell
777 2587 825 2635 (Sc
846 2600 891 2622 ne
913 2557 1028 2640 fissus]
1045 2588 1088 2636 π)
1106 2558 1184 2641 [sufes
1203 2595 1238 2637 ψ
1261 2591 1306 2635 δι,
1328 2602 1396 2626 om.
1421 2602 1477 2636 ne,
1503 2601 1704 2637 superser.

162 2655 243 2679 cum
262 2647 277 2682 l
363 2655 475 2692 seuos
495 2657 521 2694 9
539 2641 587 2695 [π
606 2654 617 2680 1
643 2649 685 2682 ut
704 2646 804 2687 uz'd.,·
834 2657 946 2681 senus
966 2642 1014 2696 π]
1038 2658 1169 2684 saeuus
1191 2648 1228 2684 F
1246 2659 1263 2684 ε
1285 2618 1323 2694 (a
1345 2649 1357 2684 l
1383 2654 1418 2682 ct
1437 2648 1562 2685 Fran.
1583 2646 1704 2695 Lips.)

162 2758 272 2784 seuus
304 2746 381 2784 Ελ
402 2743 447 2784 δ’
458 2759 482 2791 ς
507 2747 556 2796 (et
576 2746 616 2798 β)
605 2706 763 2794 )gesglus
795 2759 820 2783 v
937 2748 990 2786 22
1023 2749 1183 2795 epistula
1214 2762 1237 2786 a
1268 2748 1315 2797 (et
1345 2761 1380 2785 m
1408 2749 1457 2796 V)
1489 2750 1571 2798 epia
1603 2750 1642 2786 Ε
1661 2742 1703 2787 δ’

163 2796 221 2851 (β’
228 2802 268 2850 v)
299 2804 380 2853 epla
402 2805 438 2841 F
464 2804 616 2853 epistola
647 2801 688 2841 λ’
701 2816 723 2848 ς
807 2803 943 2842 rediret
975 2807 1013 2842 E
1030 2800 1100 2843 δέ
1126 2801 1180 2850 ς”
1200 2805 1248 2854 (et
1268 2805 1294 2842 4
1321 2806 1477 2855 Bland.)
1508 2808 1708 2844 ueniretF

164 2856 204 2896 λ’
215 2857 259 2897 δ’
274 2874 360 2899 nar.
383 2860 481 2910 (v)
493 2861 514 2897 i.
548 2860 926 2911 ue11iret’9loss.I'
