1820 3094
630 105 713 131 Lm.
738 100 754 130 1
770 104 798 137 9,
815 102 929 131 66—78.
956 103 1005 136 ιο,
1033 98 1123 133 [1—2}
1603 83 1659 125 83

870 240 915 278 X

238 331 404 385 [Lucili,
437 344 554 384 quam
585 332 639 371 sis
670 330 906 375 mendosuS,
939 334 1040 369 teste
1071 329 1219 369 Catone

235 406 446 447 defensore
479 410 547 445 tuo
578 406 834 458 peruincam,
867 405 936 457 qui
966 403 1070 443 male
1101 404 1228 443 factos

121 591 253 622 VARIA
282 590 451 618 LECTIO.

238 649 345 687 HOS
377 646 505 686 OCTO
537 646 675 685 VERS
687 646 748 685 VS
766 645 1063 683 EXHIBENT
1082 640 1165 681 Fk'
1186 640 1260 694 (β’)
1287 656 1314 692 y
1334 641 1561 695 [Bambery.
1592 657 1616 681 a
1637 655 1666 681 2.

123 721 172 745 m.
210 719 334 756 mary.
367 707 491 743 Bern.
530 703 627 742 327.
660 703 756 741 542.
795 704 875 741 619
916 704 1050 740 Berol.
1090 702 1127 740 5.
1169 701 1250 739 269
1290 703 1454 739 Barnei.
1496 702 1576 739 179
1614 700 1668 749 (in

123 777 246 814 mary.
282 777 306 800 a
337 775 366 800 2.
402 762 465 810 m.)
498 763 665 799 Dessau.
696 762 725 798 11
755 762 896 798 Dresd.
927 760 940 796 l
972 772 996 796 a
1026 771 1055 796 2.
1086 772 1135 796 m.
1165 758 1210 795 111
1241 764 1278 796 et
1313 772 1437 808 mary.
1466 759 1607 796 Dresd.
1638 758 1670 795 L

127 822 281 858 Harlei.
321 820 444 858 2699.
479 818 590 856 2724
628 831 751 867 mary.
792 817 855 866 (ab
894 819 948 854 al.
987 818 1057 854 sed
1093 820 1247 854 uetusta
1285 817 1418 864 manu)
1456 817 1670 854 Martz'm'us

129 880 214 916 cod.
246 890 310 926 ap.
343 877 458 925 Cruq.
491 876 726 923 Montepess.
758 876 888 912 Paris.
913 874 1037 911 7976.
1072 874 1195 911 7977.
1228 873 1351 911 8212.
1383 873 1509 911 8213.
1542 872 1667 912 8214.

128 935 252 974 8216.
286 933 420 972 10401
456 933 601 971 Genou.
633 933 816 970 Nostrad.
852 931 931 969 184
961 945 1019 963 =
1046 932 1256 969 Pulmanni
1284 932 1322 968 B
1354 931 1675 978 Petropolitanus

129 994 297 1029 Romani
331 991 358 1028 Ι.
398 991 453 1027 vl.
487 991 533 1038 2,
575 988 747 1027 ottobo'n.
789 990 913 1036 1660,
951 989 1059 1026 Feae
1096 988 1120 1026 3
1172 989 1352 1026 Vaticani
1391 988 1516 1026 2766.
1562 987 1672 1025 2777

129 1049 274 1096 (adscr.
308 1061 331 1084 a
363 1058 390 1085 1.
420 1047 485 1094 m.)
517 1046 641 1084 3259.
674 1047 701 1083 4
733 1047 980 1084 Sztecouatic.
1020 1044 1071 1093 (in
1102 1047 1164 1082 his
1195 1045 1318 1093 1675)
1349 1047 1525 1083 Palatini
1554 1045 1678 1082 ADF

128 1105 181 1154 (F
197 1118 221 1142 a
242 1117 272 1142 2.
293 1104 356 1152 m.)
388 1105 599 1153 Anyelicus
618 1105 653 1140 A
673 1117 697 1140 a
719 1115 748 1141 2.
770 1117 819 1141 m.
841 1104 1087 1140 Barberinus
1108 1104 1144 1139 B
1178 1103 1454 1140 Vallicellanas
1475 1103 1507 1138 Α
1542 1103 1673 1150 Vpsal.

129 1165 215 1200 olim
244 1162 467 1211 Mieyiamts
496 1162 674 1213 nonnul-li
703 1163 812 1198 codd.
843 1161 1012 1198 Landini
1040 1160 1089 1197 R.
1111 1160 1304 1207 Stephani
1331 1161 1516 1207 Lambini,
1553 1160 1574 1196 1
1608 1171 1674 1207 ap.

131 1221 361 1267 therum,
394 1219 414 1255 1
439 1220 549 1266 apud
567 1219 872 1265 Bersmannum⁷
901 1229 968 1254 ms.
994 1218 1158 1254 Gesner-i
1177 1217 1226 1264 ΙΙ,
1251 1218 1420 1264 adscripti
1436 1224 1518 1253 sunt
1538 1219 1574 1252 in
1598 1218 1675 1253 edi-

130 1280 231 1314 tione
255 1279 386 1324 princ.
417 1277 504 1313 bibl.
548 1277 763 1313 Vaticanae
792 1282 879 1310 teste
899 1271 993 1325 Fea]
1025 1286 1056 1310 ω
1089 1270 1166 1325 [ed.
1188 1272 1337 1316 Zaroti,
1370 1275 1525 1313 Mediol.
1549 1273 1674 1321 1486,

129 1334 215 1371 Ala.
234 1333 357 1372 1501.
375 1333 480 1370 Iunt.
500 1332 622 1371 1503.
640 1334 799 1381 Aryent.
819 1327 949 1382 1514]
967 1332 1302 1367 coN'PlNVANT
1313 1332 1681 1368 ANTECEDENTI

130 1391 361 1426 SERMONI
378 1386 423 1440 β’
452 1401 479 1437 y
501 1386 756 1440 [Montepess.
778 1390 907 1426 Paris.
929 1388 1041 1426 8214
1063 1389 1248 1430 Nostrad.
1274 1386 1373 1440 184]
1423 1390 1490 1427 VT
1515 1389 1675 1426 SERM.

129 1450 173 1486 X
199 1447 494 1493 EXORDIVM
530 1446 825 1484 EXHIBENT
850 1445 957 1483 HOS
998 1445 1207 1483 VERSVS
1234 1443 1360 1495 Fk'y
1395 1446 1680 1484 OMITTVNT

130 1506 275 1556 DEyu
297 1503 478 1553 (νὸαρν)
506 1515 534 1551 y
558 1499 673 1554 [quos
702 1506 779 1551 ipsi
808 1505 1039 1540 contutimus
1062 1503 1194 1540 Bamb.
1220 1503 1384 1541 Barcz‘n.
1405 1504 1570 1541 Bur-nei.
1595 1502 1674 1540 179

131 1576 154 1599 a
178 1573 204 1600 1.
225 1574 275 1599 m.
307 1561 492 1599 Bruxetl.
515 1561 638 1598 9777.
676 1560 826 1598 10064.
861 1560 1030 1597 Gronou.
1063 1560 1218 1597 Harlei.
1251 1561 1374 1598 3534.
1407 1562 1512 1609 Lips.
1544 1561 1676 1597 Paris.

103 1660 111 1675 Ι
133 1619 255 1657 7979.
282 1618 405 1656 7984.
432 1617 543 1656 8218
568 1618 730 1655 Sorbon.
761 1617 869 1655 1578
896 1617 1031 1666 Regin.
1056 1617 1199 1666 Reqius
1232 1618 1675 1656 Valentian.Zulichem.

129 1683 318 1724 praeterea
338 1677 497 1724 Aryent.
519 1675 574 1712 111.
599 1676 708 1712 codd.
730 1674 874 1711 Bland.
900 1675 1093 1712 Gemblac.
1116 1675 1262 1712 Mellic.
1290 1682 1324 1710 ct
1355 1678 1424 1713 atii
1452 1677 1562 1723 apud
1580 1677 1678 1712 alios

133 1729 317 1784 editores]
339 1728 453 1781 Pplz!
474 1728 634 1780 Porph!
650 1733 721 1769 Ac.
744 1733 838 1769 Aer.
860 1732 979 1769 schol.
1005 1731 1044 1767 Γ
1098 1733 1135 1767 in
1156 1733 1298 1768 dubiam
1319 1740 1425 1768 uocat
1448 1734 1571 1770 Aldus
1590 1733 1677 1769 Ma-

131 1795 281 1838 nutius,
314 1790 464 1825 Horatio
497 1790 675 1829 abiudicat
695 1790 923 1831 Lambinus,
956 1789 1158 1827 Bentleius
1187 1791 1324 1825 silentio
1345 1793 1509 1836 damnat,
1540 1790 1680 1837 spurios

109 1862 205 1884 vcsse
234 1849 386 1884 ostendit
415 1848 524 1884 Frid.
547 1847 772 1894 Iacobstus,
807 1846 974 1883 Orellius
1005 1848 1199 1882 Frontonis
1228 1848 1364 1883 circiter
1395 1854 1513 1884 aetate
1543 1849 1586 1882 ab
1617 1849 1679 1882 ho-

133 1908 225 1942 mine
245 1907 352 1941 otioso
371 1909 487 1947 factos
502 1917 574 1939 esse
592 1906 746 1950 probare
761 1906 889 1947 studet,
913 1905 1026 1938 Furio
1047 1905 1217 1939 Bibaculo
1232 1905 1484 1943 Kirchnerus
1496 1906 1680 1940 uindicare

133 1956 303 2007 conatur,
335 1963 478 1997 Fannio
508 1961 615 2010 (conl.
649 1964 731 1998 Aer.
763 1963 812 1996 ad
841 1973 943 1997 serm.
976 1961 994 1994 Ι
1024 1964 1064 2005 4,
1097 1961 1157 2009 21)
1187 1974 1303 2008 nuper
1322 1963 1393 1999 Fr.
1418 1962 1456 1999 C.
1484 1963 1677 1999 Herman-

134 2033 208 2059 ηας
294 2021 516 2055 Horatianos
544 2032 616 2054 esse
641 2020 777 2065 primus
797 2019 939 2066 putauit
970 2018 1190 2061 Vazartius;
1219 2020 1475 2068 Heindorfius
1497 2026 1558 2055 aut
1578 2021 1681 2055 huius

137 2086 199 2114 aut
231 2079 322 2113 alius
352 2078 534 2113 cuiusdam
570 2077 742 2111 sermonis
778 2076 961 2111 exordium
999 2077 1206 2111 incohatum
1242 2079 1303 2111 sed
1337 2084 1418 2123 post
1454 2078 1618 2112 reiectam
1657 2090 1680 2111 ιι

134 2142 241 2182 poeta
269 2141 392 2182 putat,
433 2141 496 2169 aut
524 2135 562 2168 in
591 2134 730 2172 schedis,
753 2135 826 2168 eius
852 2140 934 2180 post
963 2141 1112 2184 mortem
1143 2141 1321 2180 repertum
1358 2141 1392 2170 et
1420 2136 1500 2169 huic
1528 2134 1683 2170 sermoni

82 2203 84 2205 ’
137 2193 266 2228 additis
302 2193 418 2227 uerbis
450 2196 491 2225 ut
522 2191 665 2225 redeam
704 2190 792 2225 illuc
836 2197 967 2226 temere
1000 2192 1244 2241 praepositum
1282 2205 1374 2231 esse3
1423 2191 1462 2229 C.
1499 2192 1680 2240 Moryen-

135 2252 306 2287 sternius
342 2251 404 2284 hos
440 2261 563 2284 uersus
602 2251 645 2283 ab
681 2249 832 2283 Horatio
873 2250 1028 2295 primum
1064 2250 1203 2294 quidem
1239 2250 1338 2285 initio
1374 2251 1477 2285 huius
1511 2250 1683 2284 sermonis

134 2308 266 2355 positos
303 2309 378 2341 sed'
400 2308 492 2341 curis
541 2307 702 2341 secundis
736 2312 888 2341 remotos
934 2319 1006 2342 esse
1045 2313 1165 2354 putat.
1233 2309 1277 2342 de
1315 2308 1446 2354 duplici
1483 2307 1683 2342 recensione

136 2366 238 2400 huius
275 2364 445 2398 sermonis
483 2376 506 2398 a
540 2370 649 2410 poeta
680 2367 784 2408 sacta
821 2364 926 2398 etiam
968 2364 1007 2401 C.
1045 2365 1257 2401 Frankeus
1294 2366 1453 2411 cogitat‚·
1490 2364 1548 2402 Io.
1597 2364 1678 2401 Val.

138 2422 367 2459 Franekius
396 2422 448 2455 his
476 2423 634 2456 uersibus
665 2423 780 2455 locum
809 2422 845 2455 in
866 2422 953 2468 ipso
980 2434 1141 2456 sermone
1167 2429 1248 2468 post
1277 2424 1409 2459 uerba:
1441 2433 1509 2466 age
1540 2433 1680 2467 quaeso

138 2493 173 2514 u.
204 2481 246 2514 51
279 2479 500 2525 adsignauit.
560 2478 755 2526 Reisiyius
791 2479 854 2512 hos
890 2491 1014 2514 uersus
1049 2482 1092 2514 ab
1122 2480 1272 2514 Horatio
1302 2480 1511 2526 compositos
1541 2485 1574 2513 et
1601 2485 1683 2525 post

138 2550 175 2572 ιι.
206 2538 248 2571 71
279 2533 486 2571 inserendos
514 2548 586 2571 esse
613 2541 718 2582 putat
830 2534 1010 2572 EGLOGA
1032 2555 1040 2563 ·
1058 2536 1102 2572 XI
1134 2555 1143 2563 ·
1182 2537 1219 2573 F
1241 2536 1262 2572 λ
1291 2549 1316 2584 y
1338 2535 1554 2584 (SATYRA
1575 2553 1584 2561 ·
1602 2535 1653 2569 XI
1670 2554 1679 2563 ·

140 2594 325 2630 Nostrad.
353 2591 448 2640 184)
548 2594 568 2629 1
601 2604 707 2641 quam
735 2588 804 2642 sis]
835 2593 932 2638 quod
965 2593 1017 2627 sis
1037 2605 1063 2641 y
1088 2589 1217 2644 [codd.
1240 2596 1419 2641 plerique
1444 2605 1508 2640 ap.
1532 2592 1680 2639 Lamo„

143 2651 164 2686 1
198 2651 280 2687 cod.
317 2645 492 2700 canteri]
525 2650 624 2696 quod
657 2649 707 2682 sit
733 2660 760 2696 y
777 2645 924 2698 [Paris.
950 2647 1107 2701 10401]
1199 2650 1222 2686 2
1245 2651 1467 2684 Deffensore
1488 2661 1516 2697 y
1541 2645 1683 2699 [Bern.

142 2703 245 2757 327]
363 2702 448 2757 tuo]
489 2718 586 2741 nouo
615 2718 641 2754 y
673 2703 826 2756 [Berol.
858 2706 882 2743 5
907 2704 995 2758 pn]
1035 2708 1091 2741 tui
1121 2708 1332 2744 Ascensius
1452 2701 1680 2757 peruincam]

93 2763 96 2767 ”
142 2763 357 2798 conuincam
377 2776 449 2812 yn)
483 2759 561 2814 [ed.
593 2765 760 2801 Landim'
789 2774 840 2800 ex
869 2761 978 2815 mss]
1013 2764 1204 2798 deuincam
1233 2777 1259 2812 y
1282 2760 1518 2814 [Kirclzneri
1547 2765 1630 2801 cod.
1652 2764 1683 2800 L

141 2823 180 2860 in
211 2821 351 2859 Dresd.
381 2817 444 2872 111]
477 2833 593 2867 prope
627 2820 769 2854 uincam
799 2821 957 2859 Peerlk.
1074 2818 1154 2872 qui]
1188 2821 1287 2867 quod
1319 2833 1349 2857 ω
1380 2817 1582 2872 [Landr'n]

1429 2897 1476 2933 6*
