1820 3094
203 125 284 167 156
762 139 921 167 ΗοκΑΤι
952 140 1175 167 SERMONVM

314 252 451 291 ‘uenit
482 251 585 290 enim
619 261 803 301 magnum
835 249 1007 289 donandi
1037 262 1157 302 parca
1187 251 1393 298 iuuentus,
1415 285 1441 305 ⁶

314 336 388 363 nec
419 329 568 363 tantum
601 324 762 363 ueneris
792 328 982 376 quantum
1014 323 1187 363 studiosa
1218 323 1391 364 culinae:
1683 332 1728 363 80

314 398 370 436 sic
401 397 471 436 tibi
502 396 700 450 Penelope
731 398 837 448 frugi
869 401 945 443 est,
978 409 1078 450 quae
1109 398 1142 437 si
1173 397 1296 438 semel
1327 410 1406 437 uno

313 470 486 510 devsene
515 471 683 522 gustarit
712 475 843 511 tecum
873 472 1017 522 partita
1049 469 1257 517 lucellum,

300 549 355 587 ,ut
386 545 495 584 canis
525 557 546 583 a
578 545 692 584 corio
723 556 925 596 nunquam
955 544 1245 584 absterrebitur
1276 550 1408 585 uncto,

313 630 375 657 me
407 630 501 658 sene
532 617 635 669 quod
668 617 798 657 dicam
827 618 975 658 factum
1008 623 1087 658 est:
1120 630 1218 658 anus
1247 619 1429 671 improba
1462 619 1609 660 Thebis

312 704 359 730 ex
392 696 629 732 testamento
661 692 718 731 sic
749 696 809 731 est
840 691 960 730 elata:
994 691 1164 731 cadauer
1683 699 1727 732 85

311 771 475 806 unctum
506 764 594 805 oleo
624 765 735 817 largo
767 764 885 805 nudis
916 764 1097 806 *umeris
1129 765 1215 806 tulit
1245 765 1384 813 heres,

315 838 468 879 scilicet
497 838 600 879 elabi
629 840 662 878 si
692 843 825 891 posset
855 845 1029 885 mortua;
1061 840 1199 887 credo,

311 912 416 966 quod
448 914 612 953 nimium
645 912 837 952 institerat
870 912 1035 953 uiuenti.
1097 918 1237 953 cautus
1267 913 1390 960 adito,

196 1058 465 1086 TESTIMONIA.

287 1114 330 1145 79
355 1112 405 1145 ef.
430 1111 618 1154 Lamprid.
645 1111 750 1146 Alex,
778 1113 833 1154 37,
861 1113 896 1144 1:
934 1112 1172 1154 ‘spectacula
1204 1112 1457 1155 frequentauit
1482 1122 1563 1145 cum
1588 1123 1730 1146 summa

197 1157 361 1190 donandi
384 1157 630 1200 parsimonia’
724 1159 767 1190 83
792 1157 949 1200 florileg.
966 1158 1083 1191 Paris.
1101 1159 1191 1191 8069
1217 1157 1305 1201 (non
1321 1158 1495 1192 Nosfirad.
1517 1157 1596 1202 188)
1620 1159 1728 1192 ecba-

198 1204 249 1236 sis
273 1203 414 1246 captiui
438 1213 473 1236 u.
501 1203 578 1236 214.
966 1229 970 1233 ⁴

194 1320 325 1348 VARIA
353 1319 520 1347 LBGTIO.

198 1388 249 1426 79
280 1387 385 1422 uenit
414 1390 497 1434 (Ξ
527 1386 669 1421 uenalis
702 1388 778 1431 est)
817 1388 911 1422 enim
947 1400 1076 1433 magno
1105 1400 1132 1437 y
1170 1389 1259 1426 Sim.
1294 1389 1434 1427 Bosius
1538 1385 1727 1441 magnum]

195 1442 421 1494 (iudignum)
454 1445 582 1482 Bentl.
615 1455 776 1478 mansum
808 1444 1085 1482 Hamacherus
1179 1442 1355 1496 donandi]
1387 1445 1539 1480 donanti
1569 1445 1726 1489 Peerlk.
1790 1492 1792 1494 μ

308 1541 432 1596 parca]
466 1548 569 1584 omis.
601 1552 636 1594 ψ
668 1557 680 1583 1
712 1551 780 1584 aut
806 1559 870 1595 pr.
890 1512 1078 1596 PphalftdzlaF
1104 1560 1191 1584 aar.
1309 1548 1364 1586 80
1395 1544 1552 1599 tantum]
1586 1548 1728 1586 tandem

195 1638 219 1675 y
248 1638 310 1673 pr.
399 1621 558 1676 culinae]
590 1605 724 1662 Gallinae
755 1639 786 1674 φ
817 1624 999 1671 eculinae]
1031 1627 1211 1673 coquinae
1243 1639 1314 1661 non
1345 1625 1514 1671 inguini'
1543 1629 1661 1676 yloss.
1696 1627 1736 1664 Γ

196 1681 321 1716 ‘Haec
351 1694 411 1716 res
442 1682 529 1716 fecit
554 1681 770 1728 Penelopam
797 1687 931 1717 castam
955 1695 1057 1727 esse,
1092 1684 1180 1729 quia
1204 1683 1255 1716 illi
1280 1683 1394 1728 magis
1417 1683 1619 1718 studebant
1642 1685 1728 1729 peni

195 1740 286 1786 (leg,
318 1738 447 1786 penui)
479 1750 585 1784 quam
617 1738 771 1773 ueneri'
802 1741 894 1777 Aer.
985 1741 1035 1778 81
1069 1736 1140 1790 sic]
1173 1739 1209 1776 Si
1231 1741 1268 1777 E
1296 1739 1396 1784 ‘SicJ
1427 1737 1534 1776 talff'
1556 1742 1670 1790 qloss.
1693 1742 1731 1778 F

307 1795 485 1845 penelope
516 1796 639 1844 DEy
660 1797 732 1832 Fe
762 1808 853 1845 pene
883 1797 978 1845 lopae
1008 1796 1029 1832 λ
1066 1796 1252 1842 Penelopa
1282 1798 1411 1835 Bentl.
1450 1804 1488 1832 at
1523 1801 1568 1843 cs.
1600 1798 1727 1836 Lach-

194 1864 323 1890 mann.
357 1853 409 1889 ad
436 1853 592 1889 Lucret.
622 1864 660 1900 p.
694 1852 775 1891 408
881 1850 996 1903 frugi]
1032 1853 1140 1902 sruigi
1170 1854 1206 1890 D
1312 1850 1420 1904 quae]
1454 1865 1524 1902 que
1560 1853 1631 1891 Ελ

197 1906 286 1960 uuo]
321 1920 432 1943 unum
461 1910 616 1946 Peerlk.
649 1922 730 1956 opp,
760 1912 875 1958 91033.
908 1909 957 1946 Γ;
998 1909 1056 1944 ‘id
1096 1915 1154 1944 est
1190 1910 1234 1943 ab
1267 1922 1339 1944 uno
1371 1909 1482 1945 sene'
1598 1910 1651 1948 82
1682 1910 1727 1947 de

194 1963 300 2016 sene]
332 1965 482 2018 Desejle
514 1966 551 2001 E
648 1963 786 2016 tecum]
821 1978 950 2000 uerum
982 1968 1029 2004 E.
1065 1966 1103 2004 C.
1133 1968 1367 2004 Franclceus
1466 1963 1615 2018 partita]
1646 1979 1727 2016 par-

196 2024 264 2060 tica
295 2024 333 2059 Ε
346 2023 383 2058 F
396 2034 459 2069 pr.
481 2035 564 2071 opp.
587 2019 700 2070 Ppk.'
732 2023 936 2067 ‘largiente
968 2022 1078 2058 sene’
1108 2026 1222 2072 gloss.
1246 2022 1285 2058 Γ
1362 2020 1551 2074 lucellum]
1583 2023 1727 2061 lucellia

196 2079 217 2115 λ
240 2092 307 2127 pr.
339 2092 420 2125 opp.
453 2071 565 2126 Pplz.'
585 2082 700 2128 yloss.
733 2079 772 2115 Γ
852 2080 904 2118 83
936 2091 1119 2129 nunquam
1151 2081 1189 2116 E
1206 2079 1258 2127 (a)
1288 2080 1353 2128 Pf.
1386 2079 1497 2127 Porf.
1530 2091 1726 2129 numquam

195 2132 297 2174 cett!
324 2132 364 2180 ς’
394 2136 492 2183 Pph.
518 2137 663 2183 Porpk.
788 2136 842 2174 84
873 2134 977 2187 sene]
1011 2148 1107 2174 saene
1138 2148 1155 2172 ε
1184 2150 1220 2174 α.
1251 2148 1331 2174 ras.
1449 2136 1562 2173 dicam
1592 2136 1725 2174 sactum

194 2190 268 2244 est]
301 2194 435 2226 factum
467 2196 524 2226 est
554 2192 667 2226 dicam
695 2205 719 2241 9
736 2204 763 2240 y
851 2191 1003 2244 factum]
1036 2194 1128 2230 sacta
1158 2194 1194 2231 D
1278 2192 1439 2242 improba
1461 2194 1540 2242 Εγ
1560 2189 1725 2243 (βάῖν)

193 2249 279 2298 ipba
311 2249 331 2285 λ
351 2247 402 2297 (9)
432 2248 583 2297 inproba
612 2250 648 2286 D
669 2251 706 2286 F
723 2260 741 2285 ε
762 2249 812 2297 (σ)
901 2248 1149 2288 ·86Ἰ]ιιῐηει’ἰε
1174 2245 1288 2294 Ω,’ς’
1389 2250 1514 2286 haeres
1544 2251 1582 2287 F
1600 2246 1640 2286 λ’

196 2319 260 2344 uu.
277 2306 330 2353 81
352 2305 501 2353 -116‚
523 2305 576 2343 33
598 2306 814 2344 DESUNT
830 2307 944 2343 INE
1010 2320 1074 2344 uu.
1094 2306 1303 2354 87-116,
1321 2306 1375 2344 20
1397 2306 1612 2344 DESUN'I'
1626 2307 1689 2345 IN
1706 2318 1724 2343 ε

779 2381 842 2422 52'
862 2400 919 2417 z
948 2387 983 2423 D
1003 2399 1027 2436 γ
1047 2387 1085 2423 F
1103 2378 1144 2422 λ’
1779 2435 1781 2437 .

309 2452 361 2490 87
394 2451 485 2489 elabi
514 2452 550 2489 D
570 2464 593 2500 γ
614 2451 634 2488 λ
655 2453 693 2489 F
709 2463 726 2489 2
746 2449 838 2503 (β’σ
859 2465 962 2490 corr.
988 2466 1010 2490 α
1031 2466 1055 2502 9
1075 2455 1087 2490 l
1108 2464 1125 2490 2
1146 2466 1168 2490 r
1187 2464 1204 2490 2
1231 2466 1318 2491 παν.
1348 2459 1381 2488 et
1401 2452 1427 2489 4
1449 2452 1604 2501 Beand.)
1634 2452 1725 2491 &abi

195 2511 232 2547 F
259 2514 296 2544 et
325 2508 397 2543 labi
426 2511 441 2546 l
462 2519 475 2545 1
496 2520 522 2556 y
554 2513 595 2542 ut
623 2508 694 2542 labi
724 2518 747 2545 6
771 2522 837 2556 pr.
860 2523 882 2546 r
968 2511 997 2546 si
1028 2503 1090 2546 ,ἵζ’
1110 2509 1148 2558 (σ
1167 2522 1190 2545 α
1209 2509 1247 2559 9)
1277 2509 1332 2543 sic
1351 2505 1429 2559 β’ν
1447 2508 1495 2557 (et
1515 2509 1542 2546 4
1566 2511 1723 2557 Bland„

194 2569 253 2601 scd
285 2570 325 2599 ut
355 2565 408 2599 sic
451 2564 493 2612 V)
609 2564 735 2599 ‘Anus
775 2567 949 2611 quaedam
986 2571 1174 2611 captatore
1211 2566 1309 2600 nudo
1349 2566 1480 2600 nudam
1519 2567 1644 2601 efferri
1683 2578 1724 2600 se

196 2622 324 2656 uoluit.
355 2634 398 2656 ea
428 2621 600 2656 uidelicet
629 2622 797 2667 captione
828 2623 1069 2667 (cogitatione
1099 2624 1238 2667 Fran.)
1271 2626 1311 2656 ut
1343 2623 1401 2657 uel
1430 2628 1572 2657 mortua
1604 2623 1723 2657 hume-

195 2681 247 2713 ris
280 2679 359 2713 eius
392 2678 599 2713 elaberetur
629 2690 724 2724 quae
755 2679 847 2713 elabi
885 2679 1054 2725 captione
1091 2680 1170 2713 eius
1207 2678 1295 2712 uiua
1325 2691 1398 2713 non
1430 2678 1597 2725 poterat'
1627 2680 1720 2716 Aer.

196 2734 360 2769 ‘Sensus
393 2735 554 2769 declarat
584 2735 653 2769 ita:
686 2747 793 2769 anum
825 2740 991 2770 testatam
1016 2748 1099 2770 esse
1131 2740 1171 2769 ut
1201 2735 1232 2769 si
1306 2735 1420 2770 dauer
1450 2736 1530 2770 eius
1562 2735 1724 2780 elapsum

195 2795 296 2825 esset
325 2791 358 2825 is
397 2792 459 2837 qui
491 2804 562 2827 non
603 2792 821 2838 protulisset
859 2797 1001 2827 careret
1040 2792 1251 2826 hereditate.
1312 2793 1379 2826 hoc
1415 2795 1534 2826 autem
1565 2792 1654 2825 dicit
1683 2796 1724 2826 ut

126 2861 129 2863 ’
197 2847 428 2893 heredipetas
460 2852 604 2882 moneat
635 2849 742 2882 nimia
773 2849 951 2895 obsequia
989 2847 1189 2883 declinari'
1220 2849 1313 2889 Acr.
1459 2848 1512 2887 88
1543 2849 1725 2887 institerat
