1890 3106
805 120 871 159 vv.
904 131 1039 157 398—421
1610 116 1695 159 373

268 244 458 292 abstinuit
490 256 638 285 uenere
669 249 708 284 et
740 245 853 289 uino;
885 244 954 297 qui
985 243 1123 298 Pythia
1154 249 1286 284 cantat

267 318 435 365 tibicen,
470 319 605 359 didicit
635 319 767 372 prius,
801 318 1058 371 extimuitque
1089 319 1334 371 magistrum.
1629 322 1694 355 415

267 406 372 434 nunc
403 394 497 434 satis
529 398 589 433 est
619 392 764 432 dixisse
795 396 893 444 ‘ego
925 393 1025 432 mira
1057 397 1238 445 poemata
1270 405 1422 445 pango;

268 473 438 524 occupet
469 472 690 508 extremum
722 466 897 512 scabies;
931 466 1028 506 mihi
1058 472 1175 519 turpe
1206 466 1477 518 *relinquist‚

267 547 305 582 et
336 541 439 594 quod
472 554 550 581 non
582 540 702 581 didici
732 552 828 581 sane
860 541 1017 580 nescire
1048 540 1199 581 sateri'.

248 621 306 669 *ut
336 627 504 669 praeco,
538 615 586 655 ad
618 627 775 655 merces
806 614 962 654 turham
995 615 1062 667 qui
1094 615 1202 666 cogit
1233 614 1441 662 emendas,

265 690 540 731 adsentatores
570 688 683 729 iubet
713 688 760 728 ad
793 688 948 729 luc-rum
980 690 1040 729 ire
1070 694 1188 742 poeta
1623 696 1691 727 420

262 764 376 804 diues
407 763 533 816 agris,
566 762 680 804 diues
709 763 848 816 positis
878 764 918 803 in
949 764 1114 803 faenore
1146 763 1334 803 nummis.
1514 753 1516 755 ³

152 942 424 972 TESTIMONIA.

237 999 306 1030 414
328 1008 382 1041 sq.
410 997 494 1039 ‘qui
520 1015 560 1020 —
587 996 744 1030 tibiceu'
779 997 966 1030 Prisciani
998 997 1115 1031 codex
1146 997 1393 1040 interpolatus
1417 998 1536 1031 instit.
1563 998 1690 1030 XVIII

146 1045 209 1084 25,
234 1045 300 1076 247
430 1044 497 1075 417
522 1042 683 1075 Ioannes
709 1043 1005 1076 Saresberiensis
1031 1043 1203 1086 metalog.
1227 1044 1264 1077 11
1289 1045 1309 1076 6
1442 1046 1620 1087 ‘occupet
1645 1062 1687 1067 —

146 1090 315 1123 scabies’
342 1090 503 1121 Ioannes
529 1088 823 1122 Saresberiensis
848 1088 976 1131 policr.
1005 1089 1073 1122 VII
1099 1090 1141 1122 19

143 1251 274 1279 VARIA
303 1250 470 1278 LECTIO.

257 1307 340 1344 414
372 1307 540 1342 Astinuit
568 1320 594 1356 y
617 1303 665 1357 [π
692 1303 778 1358 pin]
901 1319 1037 1345 uenere
1068 1305 1091 1344 ὃ
1198 1305 1302 1360 uino]
1337 1308 1472 1344 baccho
1501 1321 1528 1357 y
1550 1323 1581 1347 ω
1602 1323 1684 1357 opp.

144 1361 275 1409 953⁰
297 1369 454 1402 tractat.
489 1365 697 1402 Vindobon.
725 1366 889 1415 florileq.
920 1366 1168 1404 Nostradam.
1259 1367 1383 1416 pithya
1414 1367 1452 1403 B
1472 1368 1502 1404 0
1528 1368 1641 1417 pithia
1662 1380 1686 1418 γ

143 1435 187 1465 ιι,·
217 1423 329 1470 defie.
351 1433 369 1458 ε
485 1434 522 1459 u.
553 1421 636 1459 415
669 1424 773 1459 omis.
806 1434 824 1459 ε
850 1434 932 1470 pr„
964 1424 1052 1460 add.
1085 1424 1170 1460 ead.
1203 1436 1249 1461 m.
1280 1426 1319 1461 in
1350 1435 1475 1473 mar-9·
1506 1436 1524 1461 ε

141 1478 224 1517 415
255 1478 390 1516 dedicit
420 1479 455 1515 B
485 1478 571 1516 dicit
602 1479 662 1516 01
751 1478 855 1528 prim’
880 1480 909 1517 C
1013 1479 1096 1518 416
1128 1480 1202 1531 Ns7⁰
1232 1493 1257 1518 n
1288 1480 1390 1518 Nunc
1421 1477 1591 1526 cett.';''
1612 1482 1682 1519 Ac.

140 1537 232 1574 Acr.
254 1538 371 1585 yloss.
395 1535 435 1571 Γ
458 1540 575 1573 tract.
617 1535 723 1573 Vind.
753 1537 868 1584 florii.
902 1537 1084 1574 Nostrae.
1118 1537 1198 1572 Nec
1226 1549 1252 1585 y
1275 1534 1566 1589 [Viyorniensis
1596 1545 1629 1575 et
1661 1539 1681 1576 1

141 1606 194 1632 ex
223 1594 450 1631 bibliotheca
483 1594 656 1642 episcopi
676 1594 844 1631 Eliensis
874 1595 983 1641 apud
1002 1591 1153 1644 Remi]
1186 1595 1309 1632 Bentl.
1344 1596 1430 1630 Non
1451 1608 1477 1644 y
1500 1591 1683 1646 [Diybea-

141 1662 215 1688 nus
242 1651 338 1688 Par.
370 1649 479 1688 8219
518 1663 556 1687 a.
590 1662 696 1688 corr.
730 1647 856 1702 Voss]
890 1651 989 1686 Num
1019 1665 1044 1700 y
1072 1648 1433 1704 [Helmstadiensis]
1471 1655 1574 1700 prob.
1606 1654 1683 1692 Re-

137 1709 372 1758 qelsberyer.
405 1714 439 1743 et
468 1707 742 1756 Haberfeldt.,·
772 1708 886 1746 Acr..·
917 1706 978 1742 ‘id
1009 1714 1067 1743 est
1098 1709 1165 1742 hoc
1195 1714 1378 1755 tempore,
1411 1710 1448 1743 in
1481 1710 1548 1744 hac
1578 1711 1684 1756 copia

138 1765 381 1811 inperitorum
411 1764 551 1799 sufficit
581 1765 691 1799 alicui
723 1777 808 1800 sese
837 1764 976 1800 iactare
1007 1771 1045 1800 et
1074 1766 1216 1801 dicere:
1257 1765 1349 1812 tego
1381 1767 1541 1813 optimus
1572 1771 1682 1814 poeta

139 1821 242 1856 sum'
274 1832 354 1855 cum
375 1833 448 1856 non
471 1820 542 1855 sit'
564 1822 721 1860 Petron.
744 1827 820 1860 sat.
844 1834 878 1859 c.
903 1822 946 1859 1:
978 1823 1124 1858 enunc
1154 1827 1192 1858 et
1211 1831 1333 1859 rerum
1354 1828 1497 1860 tumore
1528 1829 1565 1859 et
1596 1837 1681 1860 seu-

137 1878 335 1913 tentiarum
366 1878 564 1913 uanissimo
596 1879 755 1926 strepitu
787 1879 855 1913 hoc
884 1883 1025 1915 tantum
1055 1880 1274 1926 proficiunt,
1313 1886 1355 1916 ut
1384 1893 1464 1916 cum
1494 1881 1531 1916 in
1564 1883 1682 1917 forum

139 1935 328 1980 uenerint,
366 1939 500 1981 putent
536 1948 577 1971 se
607 1936 645 1970 in
678 1936 787 1971 alium
818 1937 941 1971 orbem
971 1942 1153 1972 terrarum
1184 1937 1346 1973 delatos’
1391 1951 1425 1976 c.
1446 1939 1491 1976 4:
1532 1939 1681 1974 ‘nune

136 1993 243 2039 pueri
272 1992 309 2026 in
348 1992 460 2027 scolis
497 1992 650 2037 ludunt,
691 1993 849 2028 iuuenes
888 1994 1059 2029 ridentur
1088 1994 1126 2028 in
1166 1996 1268 2040 foro,
1307 1998 1344 2030 et
1381 1996 1481 2042 quod
1521 2000 1680 2043 utroque

137 2049 285 2095 turpius
316 2054 394 2093 est,
434 2050 556 2096 quod
596 2050 803 2097 quisque
833 2063 1078 2098 perperam
1109 2051 1304 2096 didicit,
1343 2052 1390 2087 in
1430 2056 1679 2088 senectute

137 2107 368 2142 confiteri
401 2119 490 2141 uon
524 2107 626 2142 uult
658 2103 722 2158 [cf.
756 2108 855 2146 Hor.
886 2109 1000 2157 epist.
1031 2109 1059 2146 ll
1093 2109 1137 2158 1,
1160 2108 1214 2148 84
1235 2106 1341 2160 Sq.]'
1436 2106 1513 2161 est]
1545 2105 1712 2147 etBC‘

221 2160 327 2215 mira]
362 2167 465 2202 omis.
487 2176 511 2213 γ
534 2174 545 2201 1
634 2176 754 2214 pango
774 2161 902 2210 ,Ω’ς”
926 2170 975 2203 tr.
1010 2166 1117 2204 Vinci.
1148 2168 1236 2215 flor.
1262 2167 1392 2205 Nostr.
1417 2167 1517 2212 fingo
1537 2180 1563 2216 y
1587 2163 1677 2217 [Pe-

137 2219 326 2271 tropolit.]
359 2223 471 2269 clefie.
496 2234 513 2259 ε
522 2238 534 2263 ,·
563 2226 607 2268 cs.
639 2222 797 2260 Luc-ret.
828 2222 841 2258 l
873 2223 954 2262 933
977 2235 1033 2272 sq.
1111 2229 1236 2275 turpe
1266 2223 1422 2274 relinqui
1453 2229 1508 2261 est
1538 2237 1562 2275 γ
1582 2225 1621 2261 F
1638 2221 1678 2261 λ’

136 2292 160 2315 u
191 2289 214 2322 ς
240 2278 411 2316 Ioannes
442 2278 645 2316 Saresber.
686 2284 844 2317 tractat.
884 2281 1090 2319 Vindobon.
1130 2284 1169 2318 in
1207 2284 1531 2330 interpretatione
1569 2287 1678 2331 turpe

134 2335 312 2384 relinqui,
344 2348 413 2372 om.
446 2341 522 2383 est,
554 2333 578 2372 δ
600 2346 611 2372 1
644 2341 684 2373 ut
715 2338 790 2374 uid.
812 2336 866 2386 (σ)
885 2350 911 2386 y
934 2333 1160 2388 [Bambery.
1185 2339 1401 2377 Barcinon.
1426 2340 1676 2377 Bruxellens.

131 2404 195 2440 pr.
226 2393 330 2440 Lips.
362 2393 533 2430 Par-isin.
568 2393 678 2431 7976
710 2393 918 2443 Reyinens.
958 2393 1196 2448 Valentiam]
1226 2398 1390 2446 floriley.
1425 2397 1674 2434 Nostradam.

135 2455 240 2499 turpe
270 2449 421 2498 reliqui⁷
459 2462 527 2487 om.
561 2455 638 2496 est,
678 2451 714 2486 B
752 2455 860 2500 turpe
896 2452 1058 2501 relinqui
1094 2457 1150 2490 est
1187 2451 1211 2490 δ
1248 2459 1361 2502 turpe
1398 2455 1567 2502 relinqui
1595 2457 1617 2491 ἒ
1649 2454 1680 2490 C

134 2512 243 2552 turpe
273 2511 332 2541 est
362 2506 522 2553 relinqui
543 2508 613 2545 Αο.
624 2524 635 2550 ;
665 2509 795 2556 deficit
815 2520 846 2555 ε,
870 2506 896 2558 β
918 2519 930 2545 1
952 2521 1029 2547 non
1047 2511 1168 2557 liquet
1284 2523 1324 2548 u.
1346 2509 1428 2549 418
1451 2512 1518 2547 det.
1540 2511 1675 2548 Peerl-

132 2564 298 2612 kampus
328 2567 409 2611 opp.
440 2566 603 2614 floriley.
636 2565 883 2603 Nostradam.
1029 2565 1111 2605 418
1142 2567 1258 2605 dedici
1291 2568 1320 2606 C
1340 2579 1353 2604 1
1472 2574 1552 2614 post
1589 2579 1675 2604 sane

134 2633 279 2658 comma
309 2621 408 2668 ponit
427 2621 687 2660 Doederlinus
801 2621 886 2660 420
914 2622 1163 2661 Adsentatoris
1186 2625 1223 2661 B
1246 2624 1276 2661 C
1301 2624 1560 2662 Adsentatores
1582 2629 1672 2662 cett.

134 2674 224 2728 (β’ν
246 2676 285 2726 α)
315 2679 580 2713 Assentatores
609 2675 649 2723 ς’
737 2678 780 2715 ad
810 2679 953 2717 lucrum
982 2679 1083 2718 iubet
1113 2682 1150 2718 B
1172 2682 1202 2720 C
1218 2694 1244 2731 y
1268 2678 1511 2732 [Valentian.
1537 2677 1571 2732 1]

134 2747 172 2772 u.
202 2734 282 2772 421
316 2736 385 2772 del.
418 2735 630 2785 Hitziyius‚
661 2742 839 2772 testantur
862 2737 955 2774 Aer.
990 2741 1146 2775 tractat.
1181 2739 1386 2776 Vindobon.
1476 2738 1558 2776 421
1591 2740 1672 2788 agri

139 2792 171 2827 B
193 2792 222 2828 C
315 2792 442 2841 fenore
472 2793 510 2829 B
529 2791 577 2840 (et
599 2792 738 2840 Fran.)
758 2805 784 2840 y
814 2793 966 2831 foenore
995 2806 1019 2843 γ
1043 2794 1073 2831 C
1091 2791 1131 2830 λ’
1152 2795 1192 2844 (ν
1212 2807 1232 2832 τ
1254 2808 1278 2832 α
1300 2808 1326 2833 υ
1347 2802 1381 2831 et
1400 2793 1427 2846 β
1447 2795 1491 2844 π)
1521 2795 1671 2834 foenere

139 2845 162 2885 ὃ
193 2847 320 2886 fenore
350 2850 388 2886 F
404 2862 429 2887 u
450 2848 489 2897 (6
509 2862 532 2886 r
550 2857 584 2888 et
602 2849 744 2899 Lips.)‚·
775 2850 805 2887 C
822 2862 840 2887 ε
868 2860 946 2889 non
974 2852 1067 2901 liqu.
