1930 3094
234 163 276 188 VI
880 159 1117 187 PRAEFATIO

29 259 214 329 m'gpsssscssq'
235 274 503 313 uehementer
541 273 744 320 dolemus,
793 277 967 324 uterque
1005 272 1135 311 codex
1173 273 1278 312 adeo
1315 286 1483 312 mancus
1521 279 1601 323 est,
1644 280 1690 314 ut
1727 271 1769 311 δ’

235 342 367 381 codex
396 342 507 393 apud
536 341 865 380 Mediomatricos
896 340 940 378 ni
971 340 1151 379 fallimur
1180 341 1342 380 saeculo
1364 329 1450 381 ῑ-ΤΪΪ
1480 347 1670 382 exaratus
1700 356 1768 382 ex-

235 409 364 460 ceptis
393 409 532 460 lyricis
563 409 641 447 nisi
673 408 791 446 initio
823 421 1055 447 sermonum
1086 415 1126 447 et
1155 409 1199 447 in
1223 409 1489 460 epistularum
1518 415 1636 461 parte
1654 411 1771 450 resti-

235 477 294 515 tui
316 490 399 515 non
421 476 561 528 possit.
603 475 1000 515 commemorandum
1021 481 1082 515 est
1107 477 1230 516 etiam
1249 491 1376 516 unum
1397 490 1449 516 ex
1468 477 1772 529 pretiosissimis

235 546 356 584 huius
388 545 551 596 generis
582 543 809 591 codicibus,
850 544 921 595 qui
951 544 994 582 in
1024 544 1106 583 uol.
1139 545 1159 582 Ι
1190 558 1319 597 paruo
1349 550 1510 584 tantum
1540 544 1770 597 fragmento

237 612 537 660 continebatur,
571 626 595 652 a
625 612 761 651 medio
783 625 1015 651 sermonum
1043 612 1148 651 libro
1171 612 1300 652 altero
1322 626 1452 666 usque
1474 612 1528 652 ad
1552 617 1776 654 extremam

237 675 363 727 antem
394 680 615 731 poeticam,
648 680 681 718 si
713 679 880 718 lacunas
911 679 1066 731 aliquot
1098 681 1318 733 exceperis,
1352 695 1436 719 non
1469 680 1633 720 deesse:
1667 679 1766 720 dici·

80 758 169 784 codex
190 765 204 784 a
239 761 328 787 mus
359 761 377 786 ε
406 765 462 779 =
492 746 675 787 codicem
704 747 1012 786 Einsidlensem
1051 746 1131 798 (nr.
1162 747 1284 799 361),
1325 762 1445 801 quem
1483 762 1508 787 a
1545 747 1772 787 reuerendo

237 822 354 868 patre
385 815 533 855 Gallo
564 815 782 854 Morelio
813 820 858 854 ut
890 815 999 854 domi
1038 817 1228 855 conferre
1263 829 1473 868 possemus
1513 821 1659 868 rogatu
1700 829 1774 854 no-

237 890 320 924 stro
365 884 609 936 accepimus.
670 888 884 935 praeterea
919 896 1001 935 qua
1039 889 1099 922 est
1135 885 1389 924 humanitate
1436 884 1499 924 uir
1536 884 1586 922 cl.
1628 884 1772 936 gratis·

239 953 383 990 simum
414 951 533 990 nobis
564 951 662 990 fecit
682 951 811 1003 quod,
845 951 941 990 dum
971 951 1162 1004 plagulae
1183 953 1295 1005 typis
1317 950 1616 1000 exscribuntur,
1647 951 1772 990 inter-

240 1025 406 1071 rogatus
436 1033 462 1058 a
492 1018 610 1058 nobis
641 1019 859 1070 compluris
887 1019 999 1058 locos
1031 1019 1176 1059 dubios
1206 1020 1368 1059 reuidit.

353 1087 471 1139 Ipse,
504 1088 764 1126 eremitarum
794 1087 836 1126 in
869 1087 1068 1126 coenobio
1099 1089 1143 1126 in
1173 1088 1378 1127 Heluetiis
1418 1086 1537 1125 nobis
1569 1086 1778 1139 quondam

241 1154 595 1203 commorantibus,
621 1160 666 1193 ut
685 1155 796 1194 locos
817 1155 1028 1207 quosdam,
1054 1155 1105 1194 dc
1126 1155 1274 1208 quibus
1302 1153 1603 1203 dubitabamus,
1626 1155 1775 1194 iterum

240 1224 556 1276 inspiceremus,
587 1224 771 1262 narrauit
788 1218 887 1262 ¹sese
916 1237 1015 1262 uere
1046 1224 1146 1263 anni
1165 1224 1206 1263 h.
1229 1237 1261 1262 s.
1284 1223 1458 1262 XXXX
1478 1223 1522 1261 in
1543 1223 1675 1262 sancti
1695 1222 1777 1263 Ge-

242 1291 349 1331 roldi
370 1291 660 1330 monasteriolo
679 1291 972 1344 Tyrolensium
993 1292 1068 1330 sub
1089 1297 1228 1333 monte
1243 1290 1374 1330 Arula
1394 1292 1471 1330 sito
1487 1290 1636 1329 multos
1651 1289 1779 1329 libros

244 1360 492 1412 tegumentis
522 1358 794 1398 membraneis
825 1359 1032 1412 inscriptis
1063 1360 1253 1399 inductos
1283 1359 1534 1411 repperisse,
1574 1357 1778 1398 omnibus·

245 1441 324 1479 que
365 1427 587 1479 diligenter
624 1427 814 1466 resolutis
853 1441 943 1466 cum
982 1427 1083 1466 alios
1130 1428 1292 1467 codices
1329 1433 1415 1465 tum
1453 1426 1727 1465 Horatianum
1762 1439 1780 1464 ε

245 1495 517 1534 contexuisse.
577 1495 647 1546 qui
679 1494 811 1533 codex
848 1509 938 1534 cum
968 1493 1004 1532 δ’
1036 1501 1076 1534 et
1105 1509 1130 1533 u
1161 1495 1303 1547 optimi
1340 1494 1487 1533 tertiae
1518 1494 1658 1533 classis
1686 1493 1783 1533 libri

244 1563 440 1602 uidentur
470 1575 573 1601 esse.

361 1629 464 1669 Cum
512 1630 637 1681 igitur
683 1630 835 1670 additis
883 1630 1069 1682 pluribus
1115 1630 1229 1670 haud
1277 1629 1523 1682 spernendis
1571 1629 1780 1668 codicibus

248 1695 402 1749 (DE'C)
436 1698 720 1749 primariorum
751 1699 936 1738 codicum
974 1697 1128 1750 ubique
1159 1699 1276 1750 quasi
1310 1698 1354 1736 in
1385 1698 1513 1737 aciem
1544 1697 1782 1736 eductorum

248 1779 296 1805 ac
325 1779 398 1805 suo
430 1778 685 1817 quorumque
714 1766 803 1805 loco
836 1766 1038 1805 communi
1069 1767 1186 1818 signo
1218 1766 1260 1803 ,Ω
1291 1765 1677 1817 comprehensorum
1706 1778 1780 1803 nu-

246 1847 381 1872 merus
412 1833 516 1872 adeo
547 1839 689 1872 auctus
720 1839 845 1882 esset,
877 1840 922 1872 ut
952 1834 1059 1885 spati
1079 1834 1351 1881 parsimoniae
1379 1833 1643 1872 seruiendum
1663 1838 1781 1881 esset,

249 1913 279 1937 π
310 1907 350 1939 et
380 1914 400 1938 τ
430 1902 473 1939 in
511 1915 651 1940 eorum
689 1902 873 1941 codicum
910 1901 1097 1940 ordinem
1135 1900 1385 1953 redigendos
1425 1901 1674 1948 censuimus,
1715 1902 1784 1952 qui

252 1970 453 2008 communi
483 1969 601 2021 signo
642 1966 694 2014 ς”
727 1968 813 2020 (uel
845 1966 884 2016 ς’
914 1969 981 2008 uel
1015 1965 1054 2021 ς)
1087 1970 1219 2008 notati
1257 1982 1341 2007 non
1372 1961 1560 2007 omnibus
1590 1968 1664 2008 sed
1693 1982 1782 2020 gra-

252 2036 435 2075 uioribus
464 2042 625 2076 tantum
654 2037 774 2085 locis,
814 2043 856 2076 at
886 2038 1006 2076 nimis
1037 2038 1173 2088 potius
1212 2050 1332 2088 quam
1361 2049 1506 2088 parum
1536 2048 1661 2088 saepe
1691 2044 1782 2088 p'ro—

71 2095 227 2157 ⁰0{{⁰⁰,{G
253 2105 506 2144 ferebantur.
567 2105 726 2144 codices
765 2107 796 2143 G
833 2123 888 2137 =
929 2104 1238 2144 Gemblacensis
1275 2104 1438 2156 collegii
1474 2108 1681 2142 uetustum
1711 2101 1784 2155 (=

81 2183 172 2209 codex
193 2181 217 2208 G
252 2173 473 2211 Pulmanni
505 2171 552 2223 G)
587 2178 627 2211 et
669 2174 699 2210 V
725 2190 780 2204 =
811 2173 991 2212 codicem
1023 2172 1289 2211 Blandinium
1318 2171 1656 2219 uetustissimum,
1688 2172 1786 2224 quia

252 2254 396 2292 parum
427 2245 614 2279 accurate
645 2240 797 2278 conlati
827 2246 923 2279 sunt
954 2246 994 2279 et
1022 2240 1119 2279 licet
1150 2254 1311 2278 omnem
1341 2253 1507 2291 operam
1537 2244 1577 2278 et
1606 2239 1786 2278 studium

255 2307 309 2347 ad
339 2308 631 2359 inuestiganda
663 2308 913 2360 exemplaria
944 2308 1275 2355 contulissemus,
1317 2307 1489 2358 reperiri
1527 2321 1612 2345 non
1641 2313 1784 2359 potue-

252 2381 370 2424 runt,
411 2389 487 2414 nec
517 2375 559 2413 Ω
589 2388 726 2427 neque
759 2389 782 2421 ς
810 2390 978 2415 numero
1018 2377 1199 2415 inserere
1238 2375 1327 2414 ausi
1357 2387 1506 2413 sumus.
1578 2375 1609 2413 V
1635 2374 1787 2414 codicis

253 2443 418 2495 quidem
448 2443 665 2490 lectiones,
699 2444 808 2495 quod
848 2459 872 2483 a
902 2443 1148 2495 quibusdam
1185 2443 1353 2482 multum
1391 2441 1587 2493 ponderis
1626 2442 1684 2480 eis
1714 2442 1783 2481 ad-

255 2511 394 2559 fertur,
427 2511 511 2549 suis
542 2524 723 2563 quasque
762 2512 861 2550 locis
899 2511 1173 2551 iudicauimus
1209 2515 1373 2549 seruata
1410 2514 1508 2547 nota
1550 2511 1581 2547 V
1607 2522 1712 2561 quae
1742 2509 1787 2548 in

52 2582 236 2643 σοξιίξεῇἓξζ
255 2579 384 2630 primo
414 2579 624 2618 uolumine
654 2579 840 2618 adhibita
861 2585 960 2618 erat.
1003 2578 1313 2619 Gemblacensis
1342 2590 1441 2616 uero
1471 2582 1611 2616 notam
1631 2578 1674 2625 G,
1707 2589 1789 2628 qua

93 2645 224 2677 uetustus
260 2647 302 2684 in
333 2647 461 2698 primo
499 2646 709 2685 uolumine
746 2647 809 2685 usi
849 2660 1026 2694 eramus,
1068 2647 1111 2685 in
1149 2645 1331 2686 secundo
1368 2645 1552 2684 consulto
1584 2644 1789 2682 omisimus

111 2765 116 2769 .
260 2719 300 2751 et
328 2714 526 2753 lectiones
557 2714 765 2753 attulimus
796 2715 1033 2753 rarissimas.
1075 2727 1211 2766 neque
1231 2726 1332 2765 quos
1361 2713 1404 2751 in
1427 2712 1557 2764 primo
1578 2711 1788 2750 uolumine

54 2759 243 2837 ῗβὲῗξιιῖξιῖ
261 2786 361 2820 nota
401 2794 424 2826 ς
461 2782 842 2834 comprehendimus
881 2782 1039 2820 codices
1081 2780 1195 2832 (uide
1233 2781 1316 2820 uol.
1347 2781 1369 2820 Ι
1403 2792 1498 2831 pag.
1537 2779 1638 2818 232:
1677 2777 1790 2830 αβδθ

57 2832 509 2901 gsssstffissffsmwyhknpsv
541 2847 608 2900 [qr
628 2849 893 2902 Argentorat.
915 2847 997 2900 11])
1011 2878 1021 2898 ,
1054 2863 1122 2888 eos
1145 2849 1275 2888 omnis
1304 2849 1347 2886 in
1377 2847 1585 2886 uolumine
1606 2846 1651 2884 II
1670 2849 1788 2899 signo
