<?xml version="1.0" encoding="UTF-8"?>
<!DOCTYPE html PUBLIC "-//W3C//DTD XHTML 1.0 Transitional//EN"
    "http://www.w3.org/TR/xhtml1/DTD/xhtml1-transitional.dtd">
<html xmlns="http://www.w3.org/1999/xhtml" xml:lang="en" lang="en">
 <head>
  <title>
</title>
<meta http-equiv="Content-Type" content="text/html;charset=utf-8" />
  <meta name='ocr-system' content='tesseract 3.04.00' />
  <meta name='ocr-capabilities' content='ocr_page ocr_carea ocr_par ocr_line ocrx_word'/>
</head>
<body>
  <div class='ocr_page' id='page_1' title='image "./operahor02horauoft_0290.png"; bbox 0 0 1890 3106; ppageno 0'>
   <div class='ocr_carea' id='block_1_1' title="bbox 200 136 1228 184">
    <p class='ocr_par' dir='ltr' id='par_1_1' title="bbox 200 136 1228 184">
     <span class='ocr_line' id='line_1_1' title="bbox 200 136 1228 184; baseline 0.005 -5"><span class='ocrx_word' id='word_1_1' title='bbox 200 136 285 182; x_wconf 75' lang='lat'><strong>256</strong></span> <span class='ocrx_word' id='word_1_2' title='bbox 748 154 906 181; x_wconf 65' lang='lat' dir='ltr'><strong>nomn</strong></span> <span class='ocrx_word' id='word_1_3' title='bbox 936 155 1228 184; x_wconf 72' lang='lat' dir='ltr'>EPISTVLARVM</span> 
     </span>
    </p>
   </div>
   <div class='ocr_carea' id='block_1_2' title="bbox 304 265 1731 1355">
    <p class='ocr_par' dir='ltr' id='par_1_2' title="bbox 316 265 1275 319">
     <span class='ocr_line' id='line_1_2' title="bbox 316 265 1275 319; baseline 0.004 -15"><span class='ocrx_word' id='word_1_4' title='bbox 316 269 357 304; x_wconf 90' lang='lat' dir='ltr'><strong>tu</strong></span> <span class='ocrx_word' id='word_1_5' title='bbox 387 270 497 305; x_wconf 88' lang='lat' dir='ltr'><strong>recte</strong></span> <span class='ocrx_word' id='word_1_6' title='bbox 526 265 649 311; x_wconf 85' lang='lat' dir='ltr'><strong>uiuis,</strong></span> <span class='ocrx_word' id='word_1_7' title='bbox 682 267 716 305; x_wconf 92' lang='lat' dir='ltr'><strong>si</strong></span> <span class='ocrx_word' id='word_1_8' title='bbox 747 278 862 306; x_wconf 84' lang='lat' dir='ltr'><strong>curas</strong></span> <span class='ocrx_word' id='word_1_9' title='bbox 893 278 981 307; x_wconf 86' lang='lat' dir='ltr'><strong>esse</strong></span> <span class='ocrx_word' id='word_1_10' title='bbox 1012 267 1117 319; x_wconf 88' lang='lat' dir='ltr'><strong>quod</strong></span> <span class='ocrx_word' id='word_1_11' title='bbox 1148 267 1275 308; x_wconf 78' lang='lat' dir='ltr'><strong>audis.</strong></span> 
     </span>
    </p>

    <p class='ocr_par' dir='ltr' id='par_1_3' title="bbox 304 328 1394 392">
     <span class='ocr_line' id='line_1_3' title="bbox 304 328 1394 392; baseline 0.005 -15"><span class='ocrx_word' id='word_1_12' title='bbox 304 328 505 378; x_wconf 43' lang='lat' dir='ltr'><strong>‘iactamus</strong></span> <span class='ocrx_word' id='word_1_13' title='bbox 535 339 612 379; x_wconf 81' lang='lat' dir='ltr'><strong>iam</strong></span> <span class='ocrx_word' id='word_1_14' title='bbox 643 339 799 392; x_wconf 86' lang='lat' dir='ltr'>pridem</span> <span class='ocrx_word' id='word_1_15' title='bbox 832 341 962 380; x_wconf 88' lang='lat' dir='ltr'><strong>omnis</strong></span> <span class='ocrx_word' id='word_1_16' title='bbox 994 346 1031 380; x_wconf 88' lang='lat' dir='ltr'><strong>te</strong></span> <span class='ocrx_word' id='word_1_17' title='bbox 1061 341 1185 382; x_wconf 88' lang='lat' dir='ltr'><strong>Roma</strong></span> <span class='ocrx_word' id='word_1_18' title='bbox 1216 341 1394 388; x_wconf 85' lang='lat' dir='ltr'><strong>beatum;</strong></span> 
     </span>
    </p>

    <p class='ocr_par' dir='ltr' id='par_1_4' title="bbox 314 412 1432 468">
     <span class='ocr_line' id='line_1_4' title="bbox 314 412 1432 468; baseline 0.004 -17"><span class='ocrx_word' id='word_1_19' title='bbox 314 412 382 451; x_wconf 90' lang='lat' dir='ltr'><strong>sed</strong></span> <span class='ocrx_word' id='word_1_20' title='bbox 414 425 579 459; x_wconf 89' lang='lat' dir='ltr'><strong>uereor,</strong></span> <span class='ocrx_word' id='word_1_21' title='bbox 612 415 727 454; x_wconf 85' lang='lat' dir='ltr'><strong>necui</strong></span> <span class='ocrx_word' id='word_1_22' title='bbox 759 413 808 454; x_wconf 90' lang='lat' dir='ltr'><strong>de</strong></span> <span class='ocrx_word' id='word_1_23' title='bbox 838 420 876 454; x_wconf 90' lang='lat' dir='ltr'><strong>te</strong></span> <span class='ocrx_word' id='word_1_24' title='bbox 907 414 994 467; x_wconf 90' lang='lat' dir='ltr'><strong>plus</strong></span> <span class='ocrx_word' id='word_1_25' title='bbox 1024 427 1141 468; x_wconf 85' lang='lat' dir='ltr'><strong>quam</strong></span> <span class='ocrx_word' id='word_1_26' title='bbox 1172 415 1244 456; x_wconf 90' lang='lat' dir='ltr'><strong>tibi</strong></span> <span class='ocrx_word' id='word_1_27' title='bbox 1274 415 1432 461; x_wconf 80' lang='lat' dir='ltr'><strong>credas,</strong></span> 
     </span>
    </p>

    <p class='ocr_par' dir='ltr' id='par_1_5' title="bbox 313 486 1731 615">
     <span class='ocr_line' id='line_1_5' title="bbox 313 486 1731 543; baseline 0.002 -18"><span class='ocrx_word' id='word_1_28' title='bbox 313 498 415 526; x_wconf 90' lang='lat' dir='ltr'><strong>neue</strong></span> <span class='ocrx_word' id='word_1_29' title='bbox 446 492 560 539; x_wconf 82' lang='lat' dir='ltr'><strong>putes</strong></span> <span class='ocrx_word' id='word_1_30' title='bbox 591 486 710 528; x_wconf 80' lang='lat' dir='ltr'><strong>alium</strong></span> <span class='ocrx_word' id='word_1_31' title='bbox 743 489 922 541; x_wconf 81' lang='lat' dir='ltr'>sapiente</span> <span class='ocrx_word' id='word_1_32' title='bbox 954 489 1139 543; x_wconf 91' lang='lat' dir='ltr'><strong>bonoque</strong></span> <span class='ocrx_word' id='word_1_33' title='bbox 1171 489 1346 536; x_wconf 79' lang='lat' dir='ltr'><strong>beatum,</strong></span> <span class='ocrx_word' id='word_1_34' title='bbox 1685 497 1731 528; x_wconf 82' lang='lat'><strong>20</strong></span> 
     </span>
     <span class='ocr_line' id='line_1_6' title="bbox 313 561 1368 615; baseline 0.005 -16"><span class='ocrx_word' id='word_1_35' title='bbox 313 573 411 606; x_wconf 89' lang='lat' dir='ltr'><strong>neu,</strong></span> <span class='ocrx_word' id='word_1_36' title='bbox 444 562 477 600; x_wconf 89' lang='lat' dir='ltr'><strong>si</strong></span> <span class='ocrx_word' id='word_1_37' title='bbox 509 566 548 600; x_wconf 87' lang='lat' dir='ltr'><strong>te</strong></span> <span class='ocrx_word' id='word_1_38' title='bbox 577 561 750 614; x_wconf 89' lang='lat' dir='ltr'><strong>populus</strong></span> <span class='ocrx_word' id='word_1_39' title='bbox 779 575 918 603; x_wconf 81' lang='lat' dir='ltr'><strong>sanum</strong></span> <span class='ocrx_word' id='word_1_40' title='bbox 951 569 1140 615; x_wconf 89' lang='lat' dir='ltr'><strong>recteque</strong></span> <span class='ocrx_word' id='word_1_41' title='bbox 1170 562 1368 604; x_wconf 82' lang='lat' dir='ltr'><strong>ualentem</strong></span> 
     </span>
    </p>

    <p class='ocr_par' dir='ltr' id='par_1_6' title="bbox 312 633 1361 690">
     <span class='ocr_line' id='line_1_7' title="bbox 312 633 1361 690; baseline 0.003 -17"><span class='ocrx_word' id='word_1_42' title='bbox 312 633 483 680; x_wconf 80' lang='lat' dir='ltr'><strong>dictitet,</strong></span> <span class='ocrx_word' id='word_1_43' title='bbox 517 635 710 676; x_wconf 77' lang='lat' dir='ltr'>occultam</span> <span class='ocrx_word' id='word_1_44' title='bbox 742 636 892 677; x_wconf 77' lang='lat' dir='ltr'><strong>febrem</strong></span> <span class='ocrx_word' id='word_1_45' title='bbox 925 637 999 678; x_wconf 84' lang='lat' dir='ltr'><strong>sub</strong></span> <span class='ocrx_word' id='word_1_46' title='bbox 1030 642 1186 690; x_wconf 86' lang='lat' dir='ltr'><strong>tempus</strong></span> <span class='ocrx_word' id='word_1_47' title='bbox 1218 637 1361 678; x_wconf 89' lang='lat' dir='ltr'><strong>edendi</strong></span> 
     </span>
    </p>

    <p class='ocr_par' dir='ltr' id='par_1_7' title="bbox 313 707 1468 756">
     <span class='ocr_line' id='line_1_8' title="bbox 313 707 1468 756; baseline 0.003 -9"><span class='ocrx_word' id='word_1_48' title='bbox 313 707 557 756; x_wconf 86' lang='lat' dir='ltr'><strong>dissimules,</strong></span> <span class='ocrx_word' id='word_1_49' title='bbox 591 709 719 750; x_wconf 86' lang='lat' dir='ltr'><strong>donec</strong></span> <span class='ocrx_word' id='word_1_50' title='bbox 750 711 933 751; x_wconf 84' lang='lat' dir='ltr'><strong>manibus</strong></span> <span class='ocrx_word' id='word_1_51' title='bbox 964 716 1115 751; x_wconf 86' lang='lat' dir='ltr'><strong>tremor</strong></span> <span class='ocrx_word' id='word_1_52' title='bbox 1147 711 1295 751; x_wconf 86' lang='lat' dir='ltr'><strong>incidat</strong></span> <span class='ocrx_word' id='word_1_53' title='bbox 1326 713 1468 752; x_wconf 86' lang='lat' dir='ltr'><strong>unctis.</strong></span> 
     </span>
    </p>

    <p class='ocr_par' dir='ltr' id='par_1_8' title="bbox 313 781 1361 837">
     <span class='ocr_line' id='line_1_9' title="bbox 313 781 1361 837; baseline 0.005 -16"><span class='ocrx_word' id='word_1_54' title='bbox 313 781 522 822; x_wconf 87' lang='lat' dir='ltr'><strong>stultorum</strong></span> <span class='ocrx_word' id='word_1_55' title='bbox 554 784 734 824; x_wconf 79' lang='lat' dir='ltr'><strong>incurata</strong></span> <span class='ocrx_word' id='word_1_56' title='bbox 765 785 894 837; x_wconf 90' lang='lat' dir='ltr'><strong>pudor</strong></span> <span class='ocrx_word' id='word_1_57' title='bbox 925 784 1053 825; x_wconf 79' lang='lat' dir='ltr'><strong>malus</strong></span> <span class='ocrx_word' id='word_1_58' title='bbox 1086 785 1218 826; x_wconf 85' lang='lat' dir='ltr'><strong>ulcera</strong></span> <span class='ocrx_word' id='word_1_59' title='bbox 1250 785 1361 826; x_wconf 80' lang='lat' dir='ltr'><strong>celat.</strong></span> 
     </span>
    </p>

    <p class='ocr_par' dir='ltr' id='par_1_9' title="bbox 313 856 1729 985">
     <span class='ocr_line' id='line_1_10' title="bbox 313 856 1729 911; baseline 0.004 -16"><span class='ocrx_word' id='word_1_60' title='bbox 313 858 438 909; x_wconf 88' lang='lat' dir='ltr'><strong>siquis</strong></span> <span class='ocrx_word' id='word_1_61' title='bbox 468 856 569 897; x_wconf 84' lang='lat' dir='ltr'><strong>bella</strong></span> <span class='ocrx_word' id='word_1_62' title='bbox 604 858 673 898; x_wconf 91' lang='lat' dir='ltr'><strong>tibi</strong></span> <span class='ocrx_word' id='word_1_63' title='bbox 705 864 812 898; x_wconf 86' lang='lat' dir='ltr'><strong>terra</strong></span> <span class='ocrx_word' id='word_1_64' title='bbox 843 864 1017 910; x_wconf 82' lang='lat' dir='ltr'><strong>pugnata</strong></span> <span class='ocrx_word' id='word_1_65' title='bbox 1049 860 1227 911; x_wconf 80' lang='lat' dir='ltr'><strong>marique</strong></span> <span class='ocrx_word' id='word_1_66' title='bbox 1685 865 1729 896; x_wconf 77' lang='lat'><strong>25</strong></span> 
     </span>
     <span class='ocr_line' id='line_1_11' title="bbox 313 930 1353 985; baseline 0.002 -16"><span class='ocrx_word' id='word_1_67' title='bbox 313 930 417 971; x_wconf 83' lang='lat' dir='ltr'><strong>dicat</strong></span> <span class='ocrx_word' id='word_1_68' title='bbox 449 935 487 970; x_wconf 88' lang='lat' dir='ltr'><strong>et</strong></span> <span class='ocrx_word' id='word_1_69' title='bbox 516 930 578 971; x_wconf 89' lang='lat' dir='ltr'><strong>his</strong></span> <span class='ocrx_word' id='word_1_70' title='bbox 610 931 744 972; x_wconf 89' lang='lat' dir='ltr'><strong>uerbis</strong></span> <span class='ocrx_word' id='word_1_71' title='bbox 775 944 923 973; x_wconf 85' lang='lat' dir='ltr'><strong>uacuas</strong></span> <span class='ocrx_word' id='word_1_72' title='bbox 954 932 1201 985; x_wconf 81' lang='lat' dir='ltr'><strong>permulceat</strong></span> <span class='ocrx_word' id='word_1_73' title='bbox 1230 933 1353 972; x_wconf 83' lang='lat' dir='ltr'><strong>auris:</strong></span> 
     </span>
    </p>

    <p class='ocr_par' dir='ltr' id='par_1_10' title="bbox 311 1005 1524 1059">
     <span class='ocr_line' id='line_1_12' title="bbox 311 1005 1524 1059; baseline 0.002 -16"><span class='ocrx_word' id='word_1_74' title='bbox 311 1007 425 1044; x_wconf 78' lang='lat' dir='ltr'><strong>‘tene</strong></span> <span class='ocrx_word' id='word_1_75' title='bbox 457 1006 584 1056; x_wconf 82' lang='lat' dir='ltr'><strong>magis</strong></span> <span class='ocrx_word' id='word_1_76' title='bbox 615 1005 802 1046; x_wconf 73' lang='lat' dir='ltr'><strong>*saluom</strong></span> <span class='ocrx_word' id='word_1_77' title='bbox 834 1006 1131 1059; x_wconf 76' lang='lat' dir='ltr'><strong>populus&#39;uelit</strong></span> <span class='ocrx_word' id='word_1_78' title='bbox 1160 1019 1209 1046; x_wconf 84' lang='lat' dir='ltr'><strong>an</strong></span> <span class='ocrx_word' id='word_1_79' title='bbox 1239 1006 1430 1059; x_wconf 90' lang='lat' dir='ltr'><strong>populum</strong></span> <span class='ocrx_word' id='word_1_80' title='bbox 1464 1011 1524 1051; x_wconf 89' lang='lat' dir='ltr'><strong>tu,</strong></span> 
     </span>
    </p>

    <p class='ocr_par' dir='ltr' id='par_1_11' title="bbox 311 1078 1420 1131">
     <span class='ocr_line' id='line_1_13' title="bbox 311 1078 1420 1131; baseline 0.003 -14"><span class='ocrx_word' id='word_1_81' title='bbox 311 1083 446 1118; x_wconf 90' lang='lat' dir='ltr'><strong>seruet</strong></span> <span class='ocrx_word' id='word_1_82' title='bbox 475 1079 515 1118; x_wconf 92' lang='lat' dir='ltr'><strong>in</strong></span> <span class='ocrx_word' id='word_1_83' title='bbox 548 1078 734 1131; x_wconf 84' lang='lat' dir='ltr'><strong>ambiguo</strong></span> <span class='ocrx_word' id='word_1_84' title='bbox 766 1081 833 1131; x_wconf 89' lang='lat' dir='ltr'><strong>qui</strong></span> <span class='ocrx_word' id='word_1_85' title='bbox 865 1080 1038 1120; x_wconf 87' lang='lat' dir='ltr'><strong>consulit</strong></span> <span class='ocrx_word' id='word_1_86' title='bbox 1068 1085 1107 1120; x_wconf 87' lang='lat' dir='ltr'><strong>et</strong></span> <span class='ocrx_word' id='word_1_87' title='bbox 1137 1081 1208 1120; x_wconf 86' lang='lat' dir='ltr'><strong>tibi</strong></span> <span class='ocrx_word' id='word_1_88' title='bbox 1241 1086 1287 1120; x_wconf 88' lang='lat' dir='ltr'><strong>et.</strong></span> <span class='ocrx_word' id='word_1_89' title='bbox 1308 1079 1420 1126; x_wconf 87' lang='lat' dir='ltr'><strong>urbi,</strong></span> 
     </span>
    </p>

    <p class='ocr_par' dir='ltr' id='par_1_12' title="bbox 310 1151 1342 1207">
     <span class='ocr_line' id='line_1_14' title="bbox 310 1151 1342 1207; baseline 0.002 -16"><span class='ocrx_word' id='word_1_90' title='bbox 310 1151 526 1205; x_wconf 86' lang='lat' dir='ltr'><strong>Iuppiter,’</strong></span> <span class='ocrx_word' id='word_1_91' title='bbox 558 1153 726 1205; x_wconf 83' lang='lat' dir='ltr'><strong>Augusti</strong></span> <span class='ocrx_word' id='word_1_92' title='bbox 756 1153 891 1194; x_wconf 78' lang='lat' dir='ltr'><strong>laudes</strong></span> <span class='ocrx_word' id='word_1_93' title='bbox 921 1154 1166 1206; x_wconf 82' lang='lat' dir='ltr'><strong>adgnoscere</strong></span> <span class='ocrx_word' id='word_1_94' title='bbox 1197 1156 1342 1207; x_wconf 88' lang='lat' dir='ltr'><strong>possis:</strong></span> 
     </span>
    </p>

    <p class='ocr_par' dir='ltr' id='par_1_13' title="bbox 310 1227 1730 1355">
     <span class='ocr_line' id='line_1_15' title="bbox 310 1227 1730 1281; baseline 0.004 -16"><span class='ocrx_word' id='word_1_95' title='bbox 310 1239 397 1266; x_wconf 91' lang='lat' dir='ltr'><strong>cum</strong></span> <span class='ocrx_word' id='word_1_96' title='bbox 430 1228 577 1278; x_wconf 83' lang='lat' dir='ltr'><strong>pateris</strong></span> <span class='ocrx_word' id='word_1_97' title='bbox 607 1228 764 1280; x_wconf 84' lang='lat' dir='ltr'><strong>sapiens</strong></span> <span class='ocrx_word' id='word_1_98' title='bbox 795 1227 1104 1281; x_wconf 82' lang='lat' dir='ltr'><strong>emendatusque</strong></span> <span class='ocrx_word' id='word_1_99' title='bbox 1135 1229 1290 1275; x_wconf 82' lang='lat' dir='ltr'><strong>uocari,</strong></span> <span class='ocrx_word' id='word_1_100' title='bbox 1684 1233 1730 1265; x_wconf 83' lang='grc'><strong>30</strong></span> 
     </span>
     <span class='ocr_line' id='line_1_16' title="bbox 310 1300 1381 1355; baseline 0.002 -16"><span class='ocrx_word' id='word_1_101' title='bbox 310 1300 584 1353; x_wconf 86' lang='lat' dir='ltr'><strong>respondesne</strong></span> <span class='ocrx_word' id='word_1_102' title='bbox 614 1306 702 1349; x_wconf 88' lang='lat' dir='ltr'><strong>tuo,</strong></span> <span class='ocrx_word' id='word_1_103' title='bbox 737 1301 799 1341; x_wconf 89' lang='lat' dir='ltr'><strong>dic</strong></span> <span class='ocrx_word' id='word_1_104' title='bbox 830 1302 968 1348; x_wconf 83' lang='lat' dir='ltr'><strong>sodes,</strong></span> <span class='ocrx_word' id='word_1_105' title='bbox 1001 1303 1185 1342; x_wconf 79' lang='lat' dir='ltr'><strong>nomine?</strong></span> <span class='ocrx_word' id='word_1_106' title='bbox 1217 1304 1381 1355; x_wconf 79' lang='lat' dir='ltr'><strong>‘nempe</strong></span> 
     </span>
    </p>
   </div>
   <div class='ocr_carea' id='block_1_3' title="bbox 195 1474 466 1501">
    <p class='ocr_par' dir='ltr' id='par_1_14' title="bbox 195 1474 466 1501">
     <span class='ocr_line' id='line_1_17' title="bbox 195 1474 466 1501; baseline 0.004 -2"><span class='ocrx_word' id='word_1_107' title='bbox 195 1474 466 1501; x_wconf 78' lang='lat' dir='ltr'><strong>TESTIMONIA.</strong></span> 
     </span>
    </p>
   </div>
   <div class='ocr_carea' id='block_1_4' title="bbox 195 1527 1729 1708">
    <p class='ocr_par' dir='ltr' id='par_1_15' title="bbox 195 1527 1729 1708">
     <span class='ocr_line' id='line_1_18' title="bbox 288 1527 1729 1572; baseline 0.001 -12"><span class='ocrx_word' id='word_1_108' title='bbox 288 1530 329 1561; x_wconf 85' lang='lat'><strong>19</strong></span> <span class='ocrx_word' id='word_1_109' title='bbox 360 1529 407 1560; x_wconf 87' lang='lat' dir='ltr'><strong>cf.</strong></span> <span class='ocrx_word' id='word_1_110' title='bbox 433 1527 575 1560; x_wconf 83' lang='lat' dir='ltr'><strong>Seneca</strong></span> <span class='ocrx_word' id='word_1_111' title='bbox 600 1529 709 1571; x_wconf 84' lang='lat' dir='ltr'><strong>epist.</strong></span> <span class='ocrx_word' id='word_1_112' title='bbox 734 1529 796 1569; x_wconf 88' lang='lat'><strong>80,</strong></span> <span class='ocrx_word' id='word_1_113' title='bbox 822 1531 859 1562; x_wconf 82' lang='lat'><strong>9:</strong></span> <span class='ocrx_word' id='word_1_114' title='bbox 899 1529 1023 1561; x_wconf 78' lang='lat' dir='ltr'><strong>‘intus</strong></span> <span class='ocrx_word' id='word_1_115' title='bbox 1054 1531 1090 1562; x_wconf 86' lang='lat' dir='ltr'><strong>te</strong></span> <span class='ocrx_word' id='word_1_116' title='bbox 1122 1529 1201 1572; x_wconf 84' lang='lat' dir='ltr'><strong>ipse</strong></span> <span class='ocrx_word' id='word_1_117' title='bbox 1234 1528 1445 1562; x_wconf 84' lang='lat' dir='ltr'><strong>considera:</strong></span> <span class='ocrx_word' id='word_1_118' title='bbox 1477 1539 1577 1562; x_wconf 84' lang='lat' dir='ltr'><strong>nunc</strong></span> <span class='ocrx_word' id='word_1_119' title='bbox 1607 1529 1729 1572; x_wconf 70' lang='lat' dir='ltr'><strong>qualis</strong></span> 
     </span>
     <span class='ocr_line' id='line_1_19' title="bbox 195 1573 1728 1617; baseline 0.001 -11"><span class='ocrx_word' id='word_1_120' title='bbox 195 1574 263 1614; x_wconf 81' lang='lat' dir='ltr'><strong>sis,</strong></span> <span class='ocrx_word' id='word_1_121' title='bbox 289 1574 374 1606; x_wconf 84' lang='lat' dir='ltr'><strong>aliis</strong></span> <span class='ocrx_word' id='word_1_122' title='bbox 400 1573 539 1613; x_wconf 81' lang='lat' dir='ltr'><strong>credis’</strong></span> <span class='ocrx_word' id='word_1_123' title='bbox 567 1573 722 1606; x_wconf 84' lang='lat' dir='ltr'><strong>Caton.</strong></span> <span class='ocrx_word' id='word_1_124' title='bbox 750 1573 852 1608; x_wconf 76' lang='lat' dir='ltr'><strong>dist.</strong></span> <span class='ocrx_word' id='word_1_125' title='bbox 878 1575 896 1607; x_wconf 94' lang='grc' dir='ltr'>Ι</span> <span class='ocrx_word' id='word_1_126' title='bbox 923 1574 1101 1609; x_wconf 60' lang='lat'><strong>14-2210.</strong></span> <span class='ocrx_word' id='word_1_127' title='bbox 1127 1574 1303 1607; x_wconf 82' lang='lat' dir='ltr'><strong>Saresb.</strong></span> <span class='ocrx_word' id='word_1_128' title='bbox 1330 1574 1456 1616; x_wconf 81' lang='lat' dir='ltr'><strong>policr.</strong></span> <span class='ocrx_word' id='word_1_129' title='bbox 1479 1574 1597 1607; x_wconf 82' lang='lat'>1115:</span> <span class='ocrx_word' id='word_1_130' title='bbox 1624 1574 1728 1617; x_wconf 79' lang='lat' dir='ltr'><strong>‘plus</strong></span> 
     </span>
     <span class='ocr_line' id='line_1_20' title="bbox 195 1618 1726 1662; baseline 0.001 -11"><span class='ocrx_word' id='word_1_131' title='bbox 195 1619 280 1651; x_wconf 84' lang='lat' dir='ltr'><strong>aliis</strong></span> <span class='ocrx_word' id='word_1_132' title='bbox 297 1619 341 1651; x_wconf 87' lang='lat' dir='ltr'><strong>de</strong></span> <span class='ocrx_word' id='word_1_133' title='bbox 360 1622 408 1658; x_wconf 79' lang='lat' dir='ltr'><strong>te,</strong></span> <span class='ocrx_word' id='word_1_134' title='bbox 436 1629 543 1661; x_wconf 90' lang='lat' dir='ltr'><strong>quam</strong></span> <span class='ocrx_word' id='word_1_135' title='bbox 560 1622 599 1650; x_wconf 85' lang='lat' dir='ltr'><strong>tu</strong></span> <span class='ocrx_word' id='word_1_136' title='bbox 616 1619 704 1660; x_wconf 86' lang='lat' dir='ltr'><strong>tibi,</strong></span> <span class='ocrx_word' id='word_1_137' title='bbox 730 1619 877 1652; x_wconf 83' lang='lat' dir='ltr'><strong>credere</strong></span> <span class='ocrx_word' id='word_1_138' title='bbox 896 1619 991 1652; x_wconf 89' lang='lat' dir='ltr'><strong>noli’</strong></span> <span class='ocrx_word' id='word_1_139' title='bbox 1085 1630 1145 1654; x_wconf 91' lang='lat' dir='ltr'><strong>uu.</strong></span> <span class='ocrx_word' id='word_1_140' title='bbox 1171 1621 1307 1653; x_wconf 80' lang='lat'>20-24</span> <span class='ocrx_word' id='word_1_141' title='bbox 1323 1618 1478 1662; x_wconf 83' lang='lat' dir='ltr'><strong>florileg.</strong></span> <span class='ocrx_word' id='word_1_142' title='bbox 1495 1619 1726 1653; x_wconf 72' lang='lat' dir='ltr'><strong>Nosti-adam.</strong></span> 
     </span>
     <span class='ocr_line' id='line_1_21' title="bbox 196 1663 1725 1708; baseline 0.001 -12"><span class='ocrx_word' id='word_1_143' title='bbox 196 1666 240 1698; x_wconf 82' lang='grc'><strong>20</strong></span> <span class='ocrx_word' id='word_1_144' title='bbox 265 1663 457 1697; x_wconf 84' lang='lat' dir='ltr'><strong>Charisius</strong></span> <span class='ocrx_word' id='word_1_145' title='bbox 483 1675 515 1707; x_wconf 93' lang='lat' dir='ltr'><strong>p.</strong></span> <span class='ocrx_word' id='word_1_146' title='bbox 542 1665 608 1697; x_wconf 82' lang='lat'><strong>268</strong></span> <span class='ocrx_word' id='word_1_147' title='bbox 633 1665 676 1698; x_wconf 87' lang='lat' dir='ltr'><strong>K.</strong></span> <span class='ocrx_word' id='word_1_148' title='bbox 770 1674 831 1697; x_wconf 88' lang='lat' dir='ltr'><strong>uu.</strong></span> <span class='ocrx_word' id='word_1_149' title='bbox 859 1666 1004 1698; x_wconf 87' lang='lat'>30—33.</span> <span class='ocrx_word' id='word_1_150' title='bbox 1030 1665 1178 1699; x_wconf 79' lang='lat'>36-79</span> <span class='ocrx_word' id='word_1_151' title='bbox 1206 1664 1413 1708; x_wconf 82' lang='lat' dir='ltr'><strong>florileg.</strong></span> <span class='ocrx_word' id='word_1_152' title='bbox 1439 1664 1725 1698; x_wconf 76' lang='lat' dir='ltr'><strong>Nosti-adam.</strong></span> 
     </span>
    </p>
   </div>
   <div class='ocr_carea' id='block_1_5' title="bbox 198 1750 395 1756">
    <p class='ocr_par' dir='ltr' id='par_1_16' title="bbox 198 1750 395 1756">
     <span class='ocr_line' id='line_1_22' title="bbox 198 1750 395 1756; baseline 0 0"><span class='ocrx_word' id='word_1_153' title='bbox 198 1750 395 1756; x_wconf 95' lang='lat' dir='ltr'><strong> </strong></span> 
     </span>
    </p>
   </div>
   <div class='ocr_carea' id='block_1_6' title="bbox 193 1826 518 1854">
    <p class='ocr_par' dir='ltr' id='par_1_17' title="bbox 193 1826 518 1854">
     <span class='ocr_line' id='line_1_23' title="bbox 193 1826 518 1854; baseline -0.009 0"><span class='ocrx_word' id='word_1_154' title='bbox 193 1826 321 1854; x_wconf 77' lang='lat' dir='ltr'><strong>VARIA</strong></span> <span class='ocrx_word' id='word_1_155' title='bbox 350 1826 518 1854; x_wconf 81' lang='lat' dir='ltr'>LECTIO.</span> 
     </span>
    </p>
   </div>
   <div class='ocr_carea' id='block_1_7' title="bbox 194 1887 1779 2738">
    <p class='ocr_par' dir='ltr' id='par_1_18' title="bbox 194 1887 1779 2738">
     <span class='ocr_line' id='line_1_24' title="bbox 194 1887 1726 1944; baseline 0.001 -13"><span class='ocrx_word' id='word_1_156' title='bbox 194 1894 402 1932; x_wconf 89' lang='lat' dir='ltr'><strong>lncolumen</strong></span> <span class='ocrx_word' id='word_1_157' title='bbox 423 1895 456 1930; x_wconf 87' lang='lat' dir='ltr'><em>A</em></span> <span class='ocrx_word' id='word_1_158' title='bbox 473 1905 488 1930; x_wconf 85' lang='grc' dir='ltr'><em>ε</em></span> <span class='ocrx_word' id='word_1_159' title='bbox 506 1887 600 1944; x_wconf 86' lang='grc' dir='ltr'><strong>(βύ</strong></span> <span class='ocrx_word' id='word_1_160' title='bbox 622 1900 654 1929; x_wconf 79' lang='lat' dir='ltr'><strong>et</strong></span> <span class='ocrx_word' id='word_1_161' title='bbox 671 1906 699 1929; x_wconf 90' lang='grc' dir='ltr'><em>π</em></span> <span class='ocrx_word' id='word_1_162' title='bbox 717 1892 744 1941; x_wconf 85' lang='lat'><strong>1)</strong></span> <span class='ocrx_word' id='word_1_163' title='bbox 761 1896 851 1942; x_wconf 84' lang='lat' dir='ltr'><strong>flor.</strong></span> <span class='ocrx_word' id='word_1_164' title='bbox 871 1895 1001 1932; x_wconf 81' lang='lat' dir='ltr'><strong>Nostr.</strong></span> <span class='ocrx_word' id='word_1_165' title='bbox 1022 1894 1240 1932; x_wconf 88' lang='lat' dir='ltr'><strong>Iucolomem</strong></span> <span class='ocrx_word' id='word_1_166' title='bbox 1261 1906 1285 1943; x_wconf 79' lang='grc' dir='ltr'><em>γ</em></span> <span class='ocrx_word' id='word_1_167' title='bbox 1309 1906 1332 1939; x_wconf 88' lang='grc' dir='ltr'><strong><em>ς</em></strong></span> <span class='ocrx_word' id='word_1_168' title='bbox 1400 1893 1641 1944; x_wconf 73' lang='lat' dir='ltr'><strong>septembr-ius</strong></span> <span class='ocrx_word' id='word_1_169' title='bbox 1663 1894 1701 1932; x_wconf 85' lang='grc' dir='ltr'><em>Ε</em></span> <span class='ocrx_word' id='word_1_170' title='bbox 1714 1905 1726 1932; x_wconf 87' lang='lat'>1</span> 
     </span>
     <span class='ocr_line' id='line_1_25' title="bbox 194 1946 1727 2002; baseline 0 -14"><span class='ocrx_word' id='word_1_171' title='bbox 194 1950 428 2000; x_wconf 75' lang='lat' dir='ltr'><strong>septembrib,</strong></span> <span class='ocrx_word' id='word_1_172' title='bbox 457 1962 473 1986; x_wconf 86' lang='grc' dir='ltr'><em>ε</em></span> <span class='ocrx_word' id='word_1_173' title='bbox 580 1964 617 1989; x_wconf 84' lang='lat' dir='ltr'><strong>u.</strong></span> <span class='ocrx_word' id='word_1_174' title='bbox 654 1951 704 1988; x_wconf 87' lang='grc'><strong>19</strong></span> <span class='ocrx_word' id='word_1_175' title='bbox 734 1958 813 1997; x_wconf 85' lang='lat' dir='ltr'><strong>post</strong></span> <span class='ocrx_word' id='word_1_176' title='bbox 842 1964 879 1989; x_wconf 88' lang='lat' dir='ltr'><strong>u.</strong></span> <span class='ocrx_word' id='word_1_177' title='bbox 914 1951 968 1990; x_wconf 82' lang='lat'><strong>20</strong></span> <span class='ocrx_word' id='word_1_178' title='bbox 996 1964 1079 1998; x_wconf 82' lang='lat' dir='ltr'><strong>pon.</strong></span> <span class='ocrx_word' id='word_1_179' title='bbox 1108 1963 1135 1999; x_wconf 76' lang='lat' dir='ltr'><em>y</em></span> <span class='ocrx_word' id='word_1_180' title='bbox 1167 1946 1422 2002; x_wconf 66' lang='lat' dir='ltr'><strong>[Mellicens]</strong></span> <span class='ocrx_word' id='word_1_181' title='bbox 1529 1951 1580 1989; x_wconf 88' lang='lat'><strong>19</strong></span> <span class='ocrx_word' id='word_1_182' title='bbox 1611 1950 1674 1988; x_wconf 85' lang='lat' dir='ltr'><strong>Set</strong></span> <span class='ocrx_word' id='word_1_183' title='bbox 1703 1964 1727 2002; x_wconf 79' lang='lat' dir='ltr'><em>y</em></span> 
     </span>
     <span class='ocr_line' id='line_1_26' title="bbox 197 2004 1726 2058; baseline 0.001 -13"><span class='ocrx_word' id='word_1_184' title='bbox 197 2021 285 2056; x_wconf 77' lang='lat' dir='ltr'><strong>opp.</strong></span> <span class='ocrx_word' id='word_1_185' title='bbox 319 2004 434 2045; x_wconf 81' lang='lat' dir='ltr'><strong>cett.‘&#39;</strong></span> <span class='ocrx_word' id='word_1_186' title='bbox 460 2004 570 2056; x_wconf 72' lang='lat' dir='ltr'><strong>Pph!</strong></span> <span class='ocrx_word' id='word_1_187' title='bbox 660 2005 743 2058; x_wconf 85' lang='lat' dir='ltr'><strong>tibi]</strong></span> <span class='ocrx_word' id='word_1_188' title='bbox 778 2011 882 2046; x_wconf 80' lang='lat' dir='ltr'><strong>omis.</strong></span> <span class='ocrx_word' id='word_1_189' title='bbox 915 2010 982 2045; x_wconf 91' lang='lat' dir='ltr'><strong>A1</strong></span> <span class='ocrx_word' id='word_1_190' title='bbox 1090 2008 1145 2046; x_wconf 89' lang='grc'><strong>20</strong></span> <span class='ocrx_word' id='word_1_191' title='bbox 1175 2008 1283 2042; x_wconf 79' lang='lat' dir='ltr'><strong>alium</strong></span> <span class='ocrx_word' id='word_1_192' title='bbox 1314 2019 1335 2042; x_wconf 86' lang='lat' dir='ltr'>a</span> <span class='ocrx_word' id='word_1_193' title='bbox 1365 2007 1532 2053; x_wconf 82' lang='lat' dir='ltr'><strong>sapiente</strong></span> <span class='ocrx_word' id='word_1_194' title='bbox 1560 2009 1726 2056; x_wconf 72' lang='lat' dir='ltr'><strong>florile&#39;q.</strong></span> 
     </span>
     <span class='ocr_line' id='line_1_27' title="bbox 197 2060 1724 2113; baseline -0.003 -10"><span class='ocrx_word' id='word_1_195' title='bbox 197 2065 444 2103; x_wconf 79' lang='lat' dir='ltr'><strong>Nostradam.</strong></span> <span class='ocrx_word' id='word_1_196' title='bbox 535 2064 586 2101; x_wconf 86' lang='lat'><strong>21</strong></span> <span class='ocrx_word' id='word_1_197' title='bbox 620 2065 691 2102; x_wconf 88' lang='lat' dir='ltr'><strong>Seu</strong></span> <span class='ocrx_word' id='word_1_198' title='bbox 722 2066 760 2101; x_wconf 83' lang='grc' dir='ltr'><em>Ε</em></span> <span class='ocrx_word' id='word_1_199' title='bbox 845 2065 897 2101; x_wconf 89' lang='grc'><strong>22</strong></span> <span class='ocrx_word' id='word_1_200' title='bbox 929 2066 1083 2102; x_wconf 81' lang='lat' dir='ltr'><strong>ocultam</strong></span> <span class='ocrx_word' id='word_1_201' title='bbox 1114 2076 1132 2101; x_wconf 91' lang='grc' dir='ltr'><em>ε</em></span> <span class='ocrx_word' id='word_1_202' title='bbox 1226 2064 1362 2102; x_wconf 85' lang='lat' dir='ltr'><strong>febrem</strong></span> <span class='ocrx_word' id='word_1_203' title='bbox 1393 2060 1531 2109; x_wconf 74' lang='grc' dir='ltr'><strong>Ω”ς”</strong></span> <span class='ocrx_word' id='word_1_204' title='bbox 1559 2066 1724 2113; x_wconf 75' lang='lat' dir='ltr'><strong>floriley.</strong></span> 
     </span>
     <span class='ocr_line' id='line_1_28' title="bbox 196 2118 1725 2171; baseline -0.001 -12"><span class='ocrx_word' id='word_1_205' title='bbox 196 2123 442 2160; x_wconf 81' lang='lat' dir='ltr'><strong>Nostradam</strong></span> <span class='ocrx_word' id='word_1_206' title='bbox 541 2127 683 2170; x_wconf 88' lang='lat' dir='ltr'><strong>tempus</strong></span> <span class='ocrx_word' id='word_1_207' title='bbox 702 2118 763 2158; x_wconf 78' lang='grc' dir='ltr'>Ω</span> <span class='ocrx_word' id='word_1_208' title='bbox 787 2118 825 2166; x_wconf 85' lang='grc' dir='ltr'><strong>ς’</strong></span> <span class='ocrx_word' id='word_1_209' title='bbox 853 2121 901 2170; x_wconf 82' lang='lat' dir='ltr'><strong>(et</strong></span> <span class='ocrx_word' id='word_1_210' title='bbox 920 2122 1040 2170; x_wconf 78' lang='lat' dir='ltr'><strong>Lips.)</strong></span> <span class='ocrx_word' id='word_1_211' title='bbox 1067 2123 1231 2171; x_wconf 62' lang='lat' dir='ltr'><strong>florileg.</strong></span> <span class='ocrx_word' id='word_1_212' title='bbox 1266 2122 1508 2159; x_wconf 81' lang='lat' dir='ltr'><strong>Nostradam.</strong></span> <span class='ocrx_word' id='word_1_213' title='bbox 1540 2126 1671 2167; x_wconf 84' lang='lat' dir='ltr'><strong>pectus</strong></span> <span class='ocrx_word' id='word_1_214' title='bbox 1701 2133 1725 2157; x_wconf 88' lang='lat' dir='ltr'><strong><em>a</em></strong></span> 
     </span>
     <span class='ocr_line' id='line_1_29' title="bbox 621 2183 1008 2231; baseline 0.005 -10"><span class='ocrx_word' id='word_1_215' title='bbox 621 2195 647 2222; x_wconf 90' lang='lat' dir='ltr'><strong>le</strong></span> <span class='ocrx_word' id='word_1_216' title='bbox 672 2199 692 2222; x_wconf 81' lang='lat' dir='ltr'><strong>it</strong></span> <span class='ocrx_word' id='word_1_217' title='bbox 686 2183 735 2222; x_wconf 49' lang='lat' dir='ltr'><strong>v&amp;</strong></span> <span class='ocrx_word' id='word_1_218' title='bbox 811 2197 830 2222; x_wconf 84' lang='lat' dir='ltr'><strong>t·</strong></span> <span class='ocrx_word' id='word_1_219' title='bbox 903 2201 1008 2231; x_wconf 72' lang='lat' dir='ltr'><strong>tenpus</strong></span> 
     </span>
     <span class='ocr_line' id='line_1_30' title="bbox 194 2200 1728 2286; baseline -0.001 -13"><span class='ocrx_word' id='word_1_220' title='bbox 194 2249 218 2285; x_wconf 79' lang='lat'><em>9</em></span> <span class='ocrx_word' id='word_1_221' title='bbox 236 2247 263 2283; x_wconf 76' lang='lat'><strong>3]</strong></span> <span class='ocrx_word' id='word_1_222' title='bbox 282 2200 1026 2286; x_wconf 51' lang='lat' dir='ltr'><strong>yloss.1⁷uccr.(su{)¹temssus)y)ssssy</strong></span> <span class='ocrx_word' id='word_1_223' title='bbox 1050 2231 1115 2286; x_wconf 82' lang='grc' dir='ltr'><strong>[π]</strong></span> <span class='ocrx_word' id='word_1_224' title='bbox 1206 2235 1259 2271; x_wconf 85' lang='grc'><strong>24</strong></span> <span class='ocrx_word' id='word_1_225' title='bbox 1290 2234 1383 2284; x_wconf 63' lang='lat' dir='ltr'><strong>celat</strong></span> <span class='ocrx_word' id='word_1_226' title='bbox 1403 2236 1441 2272; x_wconf 89' lang='lat' dir='ltr'><em>F</em></span> <span class='ocrx_word' id='word_1_227' title='bbox 1457 2246 1474 2271; x_wconf 86' lang='grc' dir='ltr'><em>ε</em></span> <span class='ocrx_word' id='word_1_228' title='bbox 1563 2233 1616 2272; x_wconf 83' lang='grc'><strong>26</strong></span> <span class='ocrx_word' id='word_1_229' title='bbox 1645 2245 1728 2284; x_wconf 86' lang='lat' dir='ltr'><strong>per-</strong></span> 
     </span>
     <span class='ocr_line' id='line_1_31' title="bbox 197 2285 1727 2343; baseline 0 -15"><span class='ocrx_word' id='word_1_230' title='bbox 197 2292 351 2329; x_wconf 81' lang='lat' dir='ltr'><strong>mulceat</strong></span> <span class='ocrx_word' id='word_1_231' title='bbox 370 2288 443 2328; x_wconf 65' lang='lat' dir='ltr'><strong>„Q”</strong></span> <span class='ocrx_word' id='word_1_232' title='bbox 456 2289 496 2335; x_wconf 85' lang='grc' dir='ltr'><strong>ς’</strong></span> <span class='ocrx_word' id='word_1_233' title='bbox 499 2288 733 2326; x_wconf 84' lang='lat' dir='ltr'><strong>demulceat</strong></span> <span class='ocrx_word' id='word_1_234' title='bbox 762 2305 787 2328; x_wconf 85' lang='grc' dir='ltr'><strong>υ</strong></span> <span class='ocrx_word' id='word_1_235' title='bbox 811 2305 838 2340; x_wconf 75' lang='lat' dir='ltr'><em>y</em></span> <span class='ocrx_word' id='word_1_236' title='bbox 914 2294 1011 2329; x_wconf 86' lang='lat' dir='ltr'><strong>auris</strong></span> <span class='ocrx_word' id='word_1_237' title='bbox 1031 2289 1083 2330; x_wconf 89' lang='lat' dir='ltr'><strong>A&#39;</strong></span> <span class='ocrx_word' id='word_1_238' title='bbox 1094 2294 1157 2330; x_wconf 90' lang='lat' dir='ltr'><strong>E1</strong></span> <span class='ocrx_word' id='word_1_239' title='bbox 1185 2306 1208 2343; x_wconf 78' lang='grc' dir='ltr'><em>γ</em></span> <span class='ocrx_word' id='word_1_240' title='bbox 1226 2304 1289 2339; x_wconf 85' lang='lat' dir='ltr'><strong>pr.</strong></span> <span class='ocrx_word' id='word_1_241' title='bbox 1313 2285 1387 2339; x_wconf 82' lang='grc' dir='ltr'><strong>(π’)</strong></span> <span class='ocrx_word' id='word_1_242' title='bbox 1418 2302 1522 2328; x_wconf 83' lang='lat' dir='ltr'><strong>aures</strong></span> <span class='ocrx_word' id='word_1_243' title='bbox 1542 2291 1581 2328; x_wconf 89' lang='lat' dir='ltr'><em>F</em></span> <span class='ocrx_word' id='word_1_244' title='bbox 1598 2287 1638 2328; x_wconf 74' lang='grc' dir='ltr'><strong>λ’</strong></span> <span class='ocrx_word' id='word_1_245' title='bbox 1646 2303 1664 2328; x_wconf 89' lang='grc' dir='ltr'><em>ε</em></span> <span class='ocrx_word' id='word_1_246' title='bbox 1686 2286 1727 2335; x_wconf 87' lang='grc' dir='ltr'><strong>ς’</strong></span> 
     </span>
     <span class='ocr_line' id='line_1_32' title="bbox 310 2342 1726 2400; baseline 0.001 -16"><span class='ocrx_word' id='word_1_247' title='bbox 310 2348 362 2385; x_wconf 85' lang='grc'><strong>27</strong></span> <span class='ocrx_word' id='word_1_248' title='bbox 394 2348 533 2385; x_wconf 83' lang='lat' dir='ltr'><strong>saluum</strong></span> <span class='ocrx_word' id='word_1_249' title='bbox 556 2345 630 2385; x_wconf 68' lang='lat'><strong>„52”</strong></span> <span class='ocrx_word' id='word_1_250' title='bbox 643 2345 682 2392; x_wconf 78' lang='grc' dir='ltr'><strong>ς’</strong></span> <span class='ocrx_word' id='word_1_251' title='bbox 684 2344 829 2397; x_wconf 55' lang='lat' dir='ltr'><strong>&#39;&#39;Ppla</strong></span> <span class='ocrx_word' id='word_1_252' title='bbox 916 2348 967 2386; x_wconf 89' lang='grc'><strong>29</strong></span> <span class='ocrx_word' id='word_1_253' title='bbox 990 2349 1126 2399; x_wconf 88' lang='lat' dir='ltr'><strong>Iupiter</strong></span> <span class='ocrx_word' id='word_1_254' title='bbox 1145 2363 1169 2400; x_wconf 77' lang='grc' dir='ltr'><em>γ</em></span> <span class='ocrx_word' id='word_1_255' title='bbox 1188 2350 1226 2387; x_wconf 87' lang='lat' dir='ltr'><em>F</em></span> <span class='ocrx_word' id='word_1_256' title='bbox 1244 2342 1282 2383; x_wconf 78' lang='grc' dir='ltr'><strong>λ’</strong></span> <span class='ocrx_word' id='word_1_257' title='bbox 1311 2347 1360 2396; x_wconf 85' lang='lat' dir='ltr'><strong>(r)</strong></span> <span class='ocrx_word' id='word_1_258' title='bbox 1381 2348 1542 2397; x_wconf 86' lang='lat' dir='ltr'><strong>luppiter</strong></span> <span class='ocrx_word' id='word_1_259' title='bbox 1561 2344 1663 2385; x_wconf 63' lang='lat' dir='ltr'><strong>cettl</strong></span> <span class='ocrx_word' id='word_1_260' title='bbox 1674 2344 1726 2392; x_wconf 83' lang='grc' dir='ltr'><strong>ς”</strong></span> 
     </span>
     <span class='ocr_line' id='line_1_33' title="bbox 196 2401 1726 2456; baseline 0 -13"><span class='ocrx_word' id='word_1_261' title='bbox 196 2402 355 2453; x_wconf 77' lang='grc' dir='ltr'><strong>ΡονρΙι.’</strong></span> <span class='ocrx_word' id='word_1_262' title='bbox 427 2405 650 2454; x_wconf 81' lang='lat' dir='ltr'><strong>adgnoscere</strong></span> <span class='ocrx_word' id='word_1_263' title='bbox 671 2406 704 2442; x_wconf 87' lang='lat' dir='ltr'><em>A</em></span> <span class='ocrx_word' id='word_1_264' title='bbox 721 2416 731 2442; x_wconf 86' lang='lat'>1</span> <span class='ocrx_word' id='word_1_265' title='bbox 756 2407 794 2442; x_wconf 90' lang='lat' dir='ltr'><em>E</em></span> <span class='ocrx_word' id='word_1_266' title='bbox 810 2405 955 2453; x_wconf 75' lang='lat' dir='ltr'><strong>Por-ph.</strong></span> <span class='ocrx_word' id='word_1_267' title='bbox 979 2408 1032 2443; x_wconf 79' lang='lat' dir='ltr'><strong>ad</strong></span> <span class='ocrx_word' id='word_1_268' title='bbox 1051 2419 1087 2443; x_wconf 86' lang='lat' dir='ltr'><strong>u.</strong></span> <span class='ocrx_word' id='word_1_269' title='bbox 1111 2405 1164 2444; x_wconf 88' lang='grc'><strong>25</strong></span> <span class='ocrx_word' id='word_1_270' title='bbox 1186 2401 1460 2456; x_wconf 72' lang='lat' dir='ltr'><strong>ad‘c&#39;ognoscere</strong></span> <span class='ocrx_word' id='word_1_271' title='bbox 1481 2417 1504 2441; x_wconf 87' lang='lat' dir='ltr'><strong><em>a</em></strong></span> <span class='ocrx_word' id='word_1_272' title='bbox 1526 2415 1726 2454; x_wconf 80' lang='lat' dir='ltr'><strong>agnuscere</strong></span> 
     </span>
     <span class='ocr_line' id='line_1_34' title="bbox 196 2457 1779 2511; baseline -0.001 -12"><span class='ocrx_word' id='word_1_273' title='bbox 196 2474 212 2498; x_wconf 74' lang='grc' dir='ltr'><em>ε</em></span> <span class='ocrx_word' id='word_1_274' title='bbox 244 2468 285 2499; x_wconf 79' lang='lat' dir='ltr'><strong>ut</strong></span> <span class='ocrx_word' id='word_1_275' title='bbox 316 2463 391 2499; x_wconf 84' lang='lat' dir='ltr'><strong>uid.</strong></span> <span class='ocrx_word' id='word_1_276' title='bbox 424 2473 623 2511; x_wconf 77' lang='lat' dir='ltr'><strong>agnoscere</strong></span> <span class='ocrx_word' id='word_1_277' title='bbox 655 2459 831 2506; x_wconf 63' lang='lat' dir='ltr'><strong>cettlg⁰</strong></span> <span class='ocrx_word' id='word_1_278' title='bbox 853 2459 1012 2511; x_wconf 77' lang='lat' dir='ltr'><strong>Porph.&#39;</strong></span> <span class='ocrx_word' id='word_1_279' title='bbox 1043 2475 1267 2508; x_wconf 85' lang='lat' dir='ltr'><strong>cognoscere</strong></span> <span class='ocrx_word' id='word_1_280' title='bbox 1295 2474 1322 2510; x_wconf 78' lang='lat' dir='ltr'><strong><em>y</em></strong></span> <span class='ocrx_word' id='word_1_281' title='bbox 1356 2457 1609 2511; x_wconf 79' lang='lat' dir='ltr'><strong>[Mellicens.]</strong></span> <span class='ocrx_word' id='word_1_282' title='bbox 1767 2458 1779 2466; x_wconf 77' lang='grc'><strong>”</strong></span> 
     </span>
     <span class='ocr_line' id='line_1_35' title="bbox 196 2514 1726 2569; baseline -0.001 -13"><span class='ocrx_word' id='word_1_283' title='bbox 196 2516 348 2569; x_wconf 78' lang='lat' dir='ltr'><strong>epossis]</strong></span> <span class='ocrx_word' id='word_1_284' title='bbox 381 2516 675 2564; x_wconf 80' lang='lat' dir='ltr'><strong>interrogatiue’</strong></span> <span class='ocrx_word' id='word_1_285' title='bbox 704 2521 819 2568; x_wconf 72' lang='lat' dir='ltr'><strong>yloss.</strong></span> <span class='ocrx_word' id='word_1_286' title='bbox 844 2519 884 2555; x_wconf 91' lang='grc' dir='ltr'><em>Γ</em></span> <span class='ocrx_word' id='word_1_287' title='bbox 906 2519 1030 2566; x_wconf 82' lang='lat' dir='ltr'><strong>possis</strong></span> <span class='ocrx_word' id='word_1_288' title='bbox 1051 2532 1144 2565; x_wconf 88' lang='lat' dir='ltr'><strong>cum,</strong></span> <span class='ocrx_word' id='word_1_289' title='bbox 1175 2519 1314 2566; x_wconf 83' lang='lat' dir='ltr'><strong>pateris</strong></span> <span class='ocrx_word' id='word_1_290' title='bbox 1336 2514 1494 2565; x_wconf 69' lang='lat' dir='ltr'><strong>Por-ph!</strong></span> <span class='ocrx_word' id='word_1_291' title='bbox 1581 2517 1636 2556; x_wconf 88' lang='grc'><strong>30</strong></span> <span class='ocrx_word' id='word_1_292' title='bbox 1664 2529 1726 2566; x_wconf 85' lang='lat' dir='ltr'><strong>pa-</strong></span> 
     </span>
     <span class='ocr_line' id='line_1_36' title="bbox 198 2569 1723 2626; baseline -0.001 -14"><span class='ocrx_word' id='word_1_293' title='bbox 198 2577 282 2613; x_wconf 85' lang='lat' dir='ltr'><strong>teris</strong></span> <span class='ocrx_word' id='word_1_294' title='bbox 312 2589 336 2626; x_wconf 75' lang='lat' dir='ltr'><em>y</em></span> <span class='ocrx_word' id='word_1_295' title='bbox 357 2577 395 2612; x_wconf 83' lang='lat' dir='ltr'><em>F</em></span> <span class='ocrx_word' id='word_1_296' title='bbox 411 2569 478 2611; x_wconf 83' lang='grc' dir='ltr'><em>λέ</em></span> <span class='ocrx_word' id='word_1_297' title='bbox 507 2575 544 2624; x_wconf 79' lang='lat'><strong>(9</strong></span> <span class='ocrx_word' id='word_1_298' title='bbox 564 2589 589 2612; x_wconf 83' lang='lat' dir='ltr'><em>v</em></span> <span class='ocrx_word' id='word_1_299' title='bbox 610 2583 644 2612; x_wconf 85' lang='lat' dir='ltr'><strong>et</strong></span> <span class='ocrx_word' id='word_1_300' title='bbox 663 2588 693 2612; x_wconf 80' lang='grc' dir='ltr'><strong><em>π</em></strong></span> <span class='ocrx_word' id='word_1_301' title='bbox 712 2577 816 2624; x_wconf 71' lang='lat' dir='ltr'><strong>Lips.</strong></span> <span class='ocrx_word' id='word_1_302' title='bbox 838 2588 854 2613; x_wconf 78' lang='lat'><strong>2</strong></span> <span class='ocrx_word' id='word_1_303' title='bbox 883 2576 1099 2624; x_wconf 81' lang='lat' dir='ltr'><strong>superser.)</strong></span> <span class='ocrx_word' id='word_1_304' title='bbox 1129 2581 1165 2614; x_wconf 82' lang='lat' dir='ltr'><strong>et</strong></span> <span class='ocrx_word' id='word_1_305' title='bbox 1190 2576 1285 2624; x_wconf 84' lang='lat' dir='ltr'><strong>fort.</strong></span> <span class='ocrx_word' id='word_1_306' title='bbox 1309 2575 1342 2611; x_wconf 98' lang='lat' dir='ltr'><em>A</em></span> <span class='ocrx_word' id='word_1_307' title='bbox 1367 2583 1377 2609; x_wconf 76' lang='grc' dir='ltr'>ι</span> <span class='ocrx_word' id='word_1_308' title='bbox 1399 2571 1452 2625; x_wconf 70' lang='lat'><strong>[2]</strong></span> <span class='ocrx_word' id='word_1_309' title='bbox 1480 2576 1568 2622; x_wconf 83' lang='lat' dir='ltr'><strong>flor.</strong></span> <span class='ocrx_word' id='word_1_310' title='bbox 1593 2574 1723 2611; x_wconf 81' lang='lat' dir='ltr'><strong>Nostr.</strong></span> 
     </span>
     <span class='ocr_line' id='line_1_37' title="bbox 198 2629 1725 2683; baseline 0.001 -17"><span class='ocrx_word' id='word_1_311' title='bbox 198 2633 337 2678; x_wconf 80' lang='lat' dir='ltr'><strong>poteris</strong></span> <span class='ocrx_word' id='word_1_312' title='bbox 367 2645 391 2668; x_wconf 88' lang='grc' dir='ltr'><strong><em>ν</em></strong></span> <span class='ocrx_word' id='word_1_313' title='bbox 412 2645 436 2669; x_wconf 86' lang='grc' dir='ltr'><em>α</em></span> <span class='ocrx_word' id='word_1_314' title='bbox 458 2645 480 2669; x_wconf 85' lang='lat' dir='ltr'><strong>r</strong></span> <span class='ocrx_word' id='word_1_315' title='bbox 507 2632 555 2680; x_wconf 85' lang='lat' dir='ltr'><strong>(et</strong></span> <span class='ocrx_word' id='word_1_316' title='bbox 582 2634 686 2681; x_wconf 80' lang='lat' dir='ltr'><strong>Lips.</strong></span> <span class='ocrx_word' id='word_1_317' title='bbox 712 2631 738 2680; x_wconf 83' lang='lat'><strong>1)</strong></span> <span class='ocrx_word' id='word_1_318' title='bbox 769 2634 890 2682; x_wconf 82' lang='lat' dir='ltr'><strong>cupias</strong></span> <span class='ocrx_word' id='word_1_319' title='bbox 920 2634 957 2670; x_wconf 89' lang='lat' dir='ltr'><em>E</em></span> <span class='ocrx_word' id='word_1_320' title='bbox 975 2634 1007 2670; x_wconf 90' lang='lat' dir='ltr'><em>A</em></span> <span class='ocrx_word' id='word_1_321' title='bbox 1027 2645 1043 2670; x_wconf 88' lang='lat'>2</span> <span class='ocrx_word' id='word_1_322' title='bbox 1072 2629 1175 2683; x_wconf 81' lang='grc' dir='ltr'>(β’σ)</span> <span class='ocrx_word' id='word_1_323' title='bbox 1207 2637 1274 2670; x_wconf 81' lang='lat' dir='ltr'><strong>aut</strong></span> <span class='ocrx_word' id='word_1_324' title='bbox 1310 2632 1443 2680; x_wconf 84' lang='lat' dir='ltr'><strong>pateris</strong></span> <span class='ocrx_word' id='word_1_325' title='bbox 1481 2634 1550 2668; x_wconf 79' lang='lat' dir='ltr'><strong>aut</strong></span> <span class='ocrx_word' id='word_1_326' title='bbox 1586 2631 1725 2680; x_wconf 90' lang='lat' dir='ltr'><strong>poteris</strong></span> 
     </span>
     <span class='ocr_line' id='line_1_38' title="bbox 196 2686 1722 2738; baseline -0.003 -13"><span class='ocrx_word' id='word_1_327' title='bbox 196 2690 229 2725; x_wconf 92' lang='lat' dir='ltr'><em>A</em></span> <span class='ocrx_word' id='word_1_328' title='bbox 257 2698 265 2723; x_wconf 84' lang='grc' dir='ltr'>ι</span> <span class='ocrx_word' id='word_1_329' title='bbox 390 2689 440 2726; x_wconf 90' lang='grc'><strong>31</strong></span> <span class='ocrx_word' id='word_1_330' title='bbox 473 2688 708 2738; x_wconf 85' lang='lat' dir='ltr'><strong>Respondens</strong></span> <span class='ocrx_word' id='word_1_331' title='bbox 739 2701 783 2726; x_wconf 91' lang='lat' dir='ltr'><strong>ne</strong></span> <span class='ocrx_word' id='word_1_332' title='bbox 814 2702 831 2726; x_wconf 85' lang='grc' dir='ltr'><em>ε</em></span> <span class='ocrx_word' id='word_1_333' title='bbox 922 2690 1202 2736; x_wconf 67' lang='lat' dir='ltr'><strong>respondesne?</strong></span> <span class='ocrx_word' id='word_1_334' title='bbox 1233 2693 1296 2723; x_wconf 84' lang='lat' dir='ltr'><strong>tuo</strong></span> <span class='ocrx_word' id='word_1_335' title='bbox 1328 2688 1386 2722; x_wconf 91' lang='lat' dir='ltr'><strong>dic</strong></span> <span class='ocrx_word' id='word_1_336' title='bbox 1415 2687 1525 2722; x_wconf 82' lang='lat' dir='ltr'><strong>sodes</strong></span> <span class='ocrx_word' id='word_1_337' title='bbox 1556 2686 1722 2721; x_wconf 89' lang='lat' dir='ltr'><strong>nomine!</strong></span> 
     </span>
    </p>
   </div>
   <div class='ocr_carea' id='block_1_8' title="bbox 149 2742 1724 2848">
    <p class='ocr_par' dir='ltr' id='par_1_19' title="bbox 149 2742 1724 2848">
     <span class='ocr_line' id='line_1_39' title="bbox 149 2742 1724 2795; baseline -0.004 -14"><span class='ocrx_word' id='word_1_338' title='bbox 149 2780 153 2783; x_wconf 69' lang='grc'><strong>,</strong></span> <span class='ocrx_word' id='word_1_339' title='bbox 196 2747 403 2792; x_wconf 79' lang='lat' dir='ltr'><strong>interpung.</strong></span> <span class='ocrx_word' id='word_1_340' title='bbox 427 2747 684 2784; x_wconf 80' lang='lat' dir='ltr'><strong>Doederlinus</strong></span> <span class='ocrx_word' id='word_1_341' title='bbox 712 2759 793 2793; x_wconf 80' lang='lat' dir='ltr'><strong>opp.</strong></span> <span class='ocrx_word' id='word_1_342' title='bbox 824 2748 938 2795; x_wconf 73' lang='lat' dir='ltr'><strong>yloss.</strong></span> <span class='ocrx_word' id='word_1_343' title='bbox 974 2746 1013 2783; x_wconf 91' lang='grc' dir='ltr'><strong><em>Γ</em></strong></span> <span class='ocrx_word' id='word_1_344' title='bbox 1036 2754 1068 2782; x_wconf 78' lang='lat' dir='ltr'><strong>et</strong></span> <span class='ocrx_word' id='word_1_345' title='bbox 1097 2751 1141 2789; x_wconf 75' lang='lat' dir='ltr'><strong>cf.</strong></span> <span class='ocrx_word' id='word_1_346' title='bbox 1174 2747 1284 2783; x_wconf 85' lang='lat' dir='ltr'><strong>Pers.</strong></span> <span class='ocrx_word' id='word_1_347' title='bbox 1316 2743 1364 2792; x_wconf 79' lang='lat'><strong>4,</strong></span> <span class='ocrx_word' id='word_1_348' title='bbox 1396 2743 1449 2781; x_wconf 88' lang='grc'><strong>46</strong></span> <span class='ocrx_word' id='word_1_349' title='bbox 1481 2755 1557 2793; x_wconf 80' lang='lat' dir='ltr'><strong>sq..·</strong></span> <span class='ocrx_word' id='word_1_350' title='bbox 1595 2742 1724 2789; x_wconf 72' lang='lat' dir='ltr'><strong>‘egre-</strong></span> 
     </span>
     <span class='ocr_line' id='line_1_40' title="bbox 196 2801 1721 2848; baseline 0.002 -13"><span class='ocrx_word' id='word_1_351' title='bbox 196 2803 294 2846; x_wconf 81' lang='lat' dir='ltr'><strong>gium</strong></span> <span class='ocrx_word' id='word_1_352' title='bbox 333 2815 411 2836; x_wconf 88' lang='lat' dir='ltr'><strong>cum</strong></span> <span class='ocrx_word' id='word_1_353' title='bbox 450 2815 502 2837; x_wconf 91' lang='lat' dir='ltr'><strong>me</strong></span> <span class='ocrx_word' id='word_1_354' title='bbox 545 2803 682 2837; x_wconf 77' lang='lat' dir='ltr'><strong>uicinia</strong></span> <span class='ocrx_word' id='word_1_355' title='bbox 709 2804 825 2848; x_wconf 79' lang='lat' dir='ltr'><strong>dicat,</strong></span> <span class='ocrx_word' id='word_1_356' title='bbox 866 2816 936 2837; x_wconf 91' lang='lat' dir='ltr'><strong>non</strong></span> <span class='ocrx_word' id='word_1_357' title='bbox 970 2802 1164 2838; x_wconf 69' lang='lat' dir='ltr'><strong>credam2’</strong></span> <span class='ocrx_word' id='word_1_358' title='bbox 1206 2809 1331 2838; x_wconf 80' lang='lat' dir='ltr'><strong>contra</strong></span> <span class='ocrx_word' id='word_1_359' title='bbox 1362 2801 1576 2838; x_wconf 78' lang='lat' dir='ltr'><strong>Horkelius</strong></span> <span class='ocrx_word' id='word_1_360' title='bbox 1614 2802 1721 2838; x_wconf 82' lang='lat' dir='ltr'><strong>anal.</strong></span> 
     </span>
    </p>
   </div>
   <div class='ocr_carea' id='block_1_9' title="bbox 199 2854 1722 2910">
    <p class='ocr_par' dir='ltr' id='par_1_20' title="bbox 199 2854 1722 2910">
     <span class='ocr_line' id='line_1_41' title="bbox 199 2854 1722 2910; baseline -0.003 -14"><span class='ocrx_word' id='word_1_361' title='bbox 199 2860 294 2896; x_wconf 85' lang='lat' dir='ltr'><strong>Hor.</strong></span> <span class='ocrx_word' id='word_1_362' title='bbox 325 2872 363 2907; x_wconf 77' lang='lat' dir='ltr'><strong>p.</strong></span> <span class='ocrx_word' id='word_1_363' title='bbox 400 2859 477 2897; x_wconf 82' lang='lat'><strong>147</strong></span> <span class='ocrx_word' id='word_1_364' title='bbox 510 2861 714 2909; x_wconf 75' lang='lat' dir='ltr'><strong>distinguit.-</strong></span> <span class='ocrx_word' id='word_1_365' title='bbox 745 2866 807 2895; x_wconf 84' lang='lat' dir='ltr'><strong>tuo</strong></span> <span class='ocrx_word' id='word_1_366' title='bbox 840 2858 922 2894; x_wconf 73' lang='lat' dir='ltr'><strong>‘dic</strong></span> <span class='ocrx_word' id='word_1_367' title='bbox 953 2861 1086 2895; x_wconf 85' lang='lat' dir='ltr'><strong>sodes’</strong></span> <span class='ocrx_word' id='word_1_368' title='bbox 1182 2854 1368 2910; x_wconf 62' lang='lat' dir='ltr'><strong>enomine]</strong></span> <span class='ocrx_word' id='word_1_369' title='bbox 1403 2862 1439 2892; x_wconf 81' lang='lat' dir='ltr'><strong>et</strong></span> <span class='ocrx_word' id='word_1_370' title='bbox 1470 2858 1536 2892; x_wconf 92' lang='lat' dir='ltr'><strong>hoc</strong></span> <span class='ocrx_word' id='word_1_371' title='bbox 1565 2857 1722 2894; x_wconf 84' lang='lat' dir='ltr'><strong>interro-</strong></span> 
     </span>
    </p>
   </div>
  </div>
 </body>
</html>
