1812 3094
265 249 285 273 r
308 254 352 267 =
378 236 497 273 codex
521 235 710 272 Parisinus
734 238 823 271 9345
847 233 988 270 saeculi
1011 233 1075 269 XI.

261 305 282 329 v
306 311 350 323 =
376 293 493 329 codex
517 292 706 328 Parisinus
730 295 819 328 8213
844 290 986 327 saeculi
1009 290 1109 325 XIII.

254 350 286 385 V
308 366 352 380 =
377 350 495 385 codex
519 347 740 385 Blandinius
765 347 831 393 qui
854 346 991 382 dieitur
1014 345 1301 382 uetustissimus.

261 418 286 452 y
309 423 353 435 =
378 406 546 441 codicum
570 404 729 440 aliorum
754 405 868 449 atque
897 406 933 440 ,Ω
959 414 981 443 ς
1005 404 1072 439 aut
1095 402 1234 448 singuli
1257 402 1325 438 aut
1347 401 1529 438 nonnulli.

257 477 285 498 ω
309 480 352 492 =
378 462 586 498 editionum
610 462 698 498 ante
722 461 929 506 Cruquium
952 460 1019 496 aut
1042 460 1214 506 singulae
1239 460 1306 496 aut
1329 460 1546 496 nonnullae.

134 515 284 564 Porph!
307 536 352 549 =
376 518 473 554 liber
497 518 725 564 archetypus
748 517 1104 564 interpretationum
1127 517 1265 562 Porph.
1291 517 1331 552 et
1352 516 1461 561 Porf.

321 576 459 623 Porph.
483 592 528 605 =
558 575 888 621 interpretationes
922 573 1059 610 codicis
1089 573 1322 610 Monacensis
1350 573 1431 609 Lat.
1460 576 1523 610 181
1553 583 1650 610 saec.

434 632 541 668 VIIII
566 632 690 678 (—X9.

320 689 429 732 Porf.
463 706 507 719 =
549 689 879 734 interpretationes
921 687 1059 725 codicis
1102 685 1444 724 Wolfenbuttelani
1485 683 1650 723 Gudiani

433 745 513 782 Lat.
537 749 581 782 85
606 745 747 782 saeculi
770 745 888 781 XIIII.

174 798 280 847 Pph'.
305 819 349 832 =
373 801 554 838 lemmata
576 803 672 847 Pph.
697 802 736 838 et
757 802 822 847 Pf.
846 802 945 838 inter
968 813 1007 838 se
1032 800 1289 847 congruentia.

387 859 493 904 Pph.'
508 863 543 895 et
566 859 631 904 Pf.
653 874 700 891 =
723 859 1079 905 interpretationum
1094 859 1235 905 Porph,
1260 858 1299 895 et
1322 857 1431 902 Porf.
1455 856 1648 894 lemmata.

200 915 286 952 Aer.
310 932 355 945 =
378 915 707 962 interpretationes
731 915 1037 952 Pseudoaoronis.

219 972 285 1008 Ac.
309 988 356 1004 =
379 973 560 1009 lemmata
582 971 877 1008 Pseudoaoronis
901 973 998 1018 (cod.
1021 973 1070 1018 ν).

117 1029 223 1065 schol.
249 1032 284 1065 Γ
304 1046 348 1059 --
373 1041 419 1066 ea
453 1030 596 1066 scholia
631 1028 856 1075 marginalia
891 1040 989 1074 quae
1024 1039 1100 1065 non
1135 1029 1184 1065 ad
1218 1029 1285 1066 Ac.
1321 1028 1410 1066 Aer.
1445 1028 1649 1075 pertinent,

390 1086 637 1123 ueruntamen
653 1097 727 1121 non
744 1086 866 1121 solum
881 1084 920 1121 in
938 1086 1018 1122 eod.
1036 1100 1078 1132 y,
1104 1085 1172 1122 sed
1194 1085 1234 1121 in
1258 1084 1342 1121 aliis
1365 1096 1517 1131 quoque
1540 1085 1648 1122 libris

386 1154 500 1178 manu
516 1142 674 1188 seriptis,
694 1143 737 1178 ut
750 1142 788 1178 in
808 1154 828 1180 r
847 1143 1041 1189 Bamberq.
1072 1143 1228 1181 Barcin.
1254 1142 1472 1188 Francken,
1489 1142 1647 1191 passim-

390 1210 463 1243 que
488 1199 602 1235 etiam
625 1199 665 1234 in
689 1199 770 1235 cod.
795 1213 817 1235 ν
839 1199 1091 1259 reperitgitur.

127 1256 232 1300 yloss.
260 1261 294 1294 Γ
314 1272 358 1285 =
383 1267 429 1292 ea
457 1255 600 1291 scholia
629 1255 886 1292 interlinearia
921 1267 1019 1301 quae
1049 1267 1123 1293 non
1153 1256 1302 1293 tantum
1331 1257 1370 1293 in
1402 1257 1484 1294 cod.
1513 1271 1550 1309 γ,
1580 1256 1648 1301 sed

388 1312 503 1348 etiam
528 1312 567 1348 in
592 1311 691 1357 aliis,
716 1313 760 1348 ut
782 1313 822 1348 in
845 1313 886 1349 Ε
905 1325 930 1349 α
953 1313 1146 1360 Bambery.
1186 1313 1343 1350 Barcin.
1391 1313 1534 1353 extant.

118 1372 264 1404 tractat.
293 1369 450 1409 Vindob.
473 1385 517 1398 =
540 1369 725 1405 tractatus
749 1368 1050 1406 vindobonensis
1080 1369 1127 1406 de
1152 1371 1233 1407 arte
1264 1369 1416 1416 poetica
1438 1382 1494 1407 nr.
1518 1369 1648 1410 CXLV

432 1424 574 1461 saeculi
597 1426 641 1461 X.
