1820 3094
176 104 256 146 166
636 158 640 162 ἡ
733 115 892 143 HossA'rl
923 115 1146 142 sunmouvm

286 230 458 269 rusticus
488 227 684 267 urbanum
715 238 870 266 murem
901 237 987 265 mus
1017 237 1193 278 paupere
1223 225 1351 265 fertur
1659 229 1704 261 80

288 303 487 355 accepisse
518 313 637 346 cauo,
670 304 849 340 ueterem
882 303 997 339 uetus
1026 298 1174 352 hospes
1203 298 1394 344 amicum,

288 388 406 428 asper
438 380 477 415 et
507 379 681 415 attentus
712 373 921 425 quaesitis,
954 378 996 412 ut
1027 377 1157 412 tamen
1190 377 1320 412 artum

288 449 464 489 solueret
494 449 676 500 hospitiis
706 448 894 487 animum.
955 446 1049 498 quid
1081 445 1226 486 multa?
1259 457 1389 497 neque
1422 444 1487 484 ille

289 523 452 575 sepositi
483 522 624 561 ciceris
655 534 728 561 nec
759 519 901 572 longae
931 519 1078 560 inuidit
1108 531 1278 564 auenae,
1367 507 1371 512 ¹

290 596 445 637 aridum
478 601 516 635 et
546 608 615 635 ore
645 596 779 635 ferens
810 595 967 634 acinum
999 606 1254 646 semessaque
1289 591 1391 633 lardi
1662 597 1705 630 85

290 672 416 710 frusta
447 669 573 715 dedit,
607 670 771 722 cupiens
802 668 910 707 uaria
942 667 1098 708 fastidia
1134 679 1230 707 cena

291 744 454 783 uincere
485 744 683 794 tangentis
713 741 815 781 male
845 740 997 792 singula
1029 741 1148 781 dente
1178 739 1377 793 superbo:

292 830 379 856 cum
410 822 522 870 pater
551 818 636 869 ipse
667 816 809 856 domus
839 814 951 868 palea
981 819 1191 867 porrectus
1222 816 1264 854 in
1294 813 1420 853 horna

292 895 396 931 esset
427 890 523 930 ador
553 889 794 940 loliumque,
828 888 938 941 dapis
970 887 1134 928 meliora
1165 887 1410 938 relinquens.

293 964 449 1004 tandem
481 963 657 1004 urbanus
687 963 736 1002 ad
766 962 874 1002 hunc
902 961 1038 1012 “quid
1060 967 1098 1001 te
1119 961 1269 1001 iuuat''
1302 962 1442 1014 inquit,
1472 960 1644 1007 “amice,
1666 966 1710 998 90

292 1039 498 1089 praerupti
529 1037 705 1077 nemoris
735 1036 952 1089 patientem
979 1036 1117 1075 uiuere
1148 1034 1290 1075 dorso?

179 1186 448 1214 TESTIMONIA.

272 1247 404 1279 79—81
432 1249 443 1266 θ
455 1245 540 1279 olim
555 1264 601 1269 -
618 1247 794 1278 amicum’
821 1245 956 1278 Donat.
977 1243 1023 1277 ad
1041 1244 1197 1278 Terenti
1218 1243 1333 1277 Andr.
1350 1243 1383 1277 V
1397 1243 1429 1282 4,
1456 1244 1500 1277 22
1594 1245 1639 1278 80
1662 1243 1711 1278 cf.

182 1292 540 1335 praeexercitamina.
565 1292 748 1324 Prisciani
773 1291 1003 1334 grammatici
1029 1301 1074 1323 ex
1099 1291 1334 1332 Hermogene
1359 1299 1493 1327 uersa,
1513 1289 1558 1322 de
1585 1289 1713 1323 fabula

184 1341 219 1376 1,
248 1339 266 1370 1
299 1349 331 1379 p.
358 1338 422 1370 551
454 1337 595 1370 Halm:
638 1337 717 1370 ‘usi
751 1339 838 1369 sunt
869 1339 992 1369 tamen
1026 1347 1069 1369 ea
1101 1334 1257 1378 (fabula)
1289 1335 1536 1369 uetustissimi
1568 1345 1712 1378 quoque

181 1386 366 1423 auctores,
393 1385 435 1415 ut
450 1382 637 1415 Hesiodus
654 1381 892 1415 Archilochus
919 1382 1114 1422 Horatius,
1141 1379 1327 1413 Hesiodus
1353 1380 1501 1422 quidem
1517 1380 1712 1422 lusciniae,

181 1427 425 1461 Archilochus
451 1431 575 1461 autem
599 1428 733 1470 uulpis,
762 1428 941 1460 Horatius
964 1428 1099 1460 muris⁷
1118 1426 1314 1468 Augustin.
1340 1428 1467 1459 contra
1483 1426 1714 1459 mendacium

182 1474 229 1506 ad
261 1473 502 1506 Consentium
532 1474 575 1506 28
606 1471 645 1516 [t.
673 1473 723 1507 VI
746 1470 833 1506 465‘
855 1470 964 1515 Ben.]
1002 1476 1039 1504 et
1069 1471 1199 1505 Isidor.
1226 1471 1357 1514 origin.
1383 1472 1400 1504 I
1424 1473 1484 1505 39:
1522 1474 1584 1504 ‘ut
1616 1471 1714 1515 apud

182 1519 377 1552 Horatium
403 1529 481 1551 mus
506 1518 669 1560 loquitur
693 1519 802 1551 muri’
934 1519 977 1551 83
1003 1528 1055 1560 sq.
1089 1520 1178 1549 ‘nec
1209 1517 1343 1549 ciceris
1374 1527 1442 1549 nec
1471 1534 1515 1549 .—
1547 1519 1712 1550 auenae’
1759 1537 1771 1541 --

185 1564 403 1606 Quintilian.
429 1563 538 1597 VIIII
563 1566 598 1601 3,
631 1565 671 1596 17
810 1564 956 1596 86—87
992 1563 1039 1595 cf.
1065 1564 1146 1595 uita
1178 1561 1375 1594 Benedicti
1406 1561 1489 1595 abb.
1524 1561 1714 1596 Clusensis

187 1620 266 1651 cap.
293 1610 313 1641 6
341 1606 467 1651 [Pertz
492 1609 604 1642 XIIII
627 1622 673 1637 =
697 1609 770 1642 XII
795 1605 898 1651 201]:
926 1610 1046 1651 ‘ipse,
1072 1618 1117 1640 ne
1145 1607 1203 1639 eui
1229 1606 1369 1650 aliquid
1394 1607 1502 1648 desit,
1527 1607 1714 1640 ministros

184 1654 365 1693 hortatur,
391 1664 435 1686 ac
460 1654 672 1687 circuiendo
698 1654 869 1696 prouidet
897 1654 1029 1692 omnia,
1055 1654 1209 1696 cupiens
1233 1653 1349 1691 uaria,
1374 1655 1417 1686 ut
1433 1651 1581 1695 dicitur,
1609 1653 1713 1686 fasti-

189 1700 250 1732 dia
273 1700 424 1732 uincere
452 1703 588 1733 coena'

184 1849 314 1878 VARIA
342 1849 509 1877 LECTIO.

300 1918 354 1955 80
391 1913 568 1968 paupere]
608 1928 740 1967 papore
779 1917 817 1954 E
928 1929 966 1954 u.
999 1915 1051 1954 81
1092 1916 1189 1953 omis.
1226 1928 1252 1965 y
1281 1912 1430 1967 [Paris.
1463 1912 1593 1968 8216]

187 1974 238 2013 81
262 1975 453 2023 Accepisco
475 1975 513 2011 E
575 1974 627 2012 82
650 1976 763 2023 Aspos
786 1975 824 2010 E
836 1987 901 2022 pr.
961 1978 1121 2010 attentus
1142 1986 1166 2023 γ
1181 1974 1219 2011 Ε
1232 1968 1271 2009 λ’
1292 1968 1382 2022 (β’σ
1402 1972 1441 2020 a)
1462 1973 1597 2050 adtent’
1614 1974 1653 2012 Ε
1665 1973 1716 2023 (r)

188 2054 353 2088 intentus
373 2067 397 2102 9
411 2054 460 2100 (ct
477 2054 497 2090 1
517 2053 709 2102 Bland.)y
724 2056 868 2091 interiit
885 2065 902 2090 ε
975 2054 1125 2102 quesitis
1147 2054 1186 2090 Ε
1241 2057 1282 2089 ut
1302 2048 1439 2103 tamon]
1463 2058 1661 2111 Usssffldyess
1681 2059 1717 2102 ψ

183 2153 248 2206 sss}
277 2117 395 2192 &ggii
426 2168 457 2203 φ
488 2161 527 2192 ut
559 2162 677 2192 tamen
713 2151 815 2192 cett!
833 2156 871 2191 F
896 2160 983 2192 aar.
1101 2159 1218 2191 artum
1248 2148 1361 2199 Ω’ς’
1391 2153 1439 2202 (et
1476 2167 1574 2192 omn.
1606 2157 1714 2193 codd.

190 2234 361 2284 Cruqm'i)
393 2245 515 2268 arcum
534 2247 558 2283 9
578 2247 603 2282 y
690 2234 742 2271 83
765 2230 951 2285 hospitiis]
984 2233 1187 2283 hospitibus
1209 2247 1233 2283 γ
1253 2246 1341 2272 uar.
1420 2230 1557 2284 neque]
1580 2216 1677 2284 nllue
1694 2248 1718 2286 γ

302 2290 356 2329 84
387 2287 555 2340 sepositi]
590 2291 766 2339 Sepositis
798 2288 822 2327 λ
855 2305 891 2328 a.
914 2303 996 2328 ras.
1018 2291 1055 2339 (r
1076 2302 1088 2327 1
1110 2298 1143 2327 et
1175 2292 1196 2328 1
1220 2290 1379 2338 Βίαντά.)
1410 2290 1587 2341 sepositis
1617 2304 1642 2341 γ

188 2349 299 2396 longe
330 2348 369 2385 E
480 2347 533 2385 85
564 2343 721 2384 s‘emessa
752 2348 790 2384 E
814 2360 840 2396 y
870 2344 1115 2398 [Zulichem]
1148 2359 1285 2397 semesa
1316 2348 1355 2384 F
1389 2359 1530 2382 semesa
1560 2344 1717 2392 cett.';''

303 2404 356 2442 86
388 2400 520 2454 frusta]
553 2403 702 2440 Frustra
732 2405 770 2441 E
787 2417 818 2451 φ
848 2418 885 2441 a.
907 2417 987 2442 ras.
1015 2404 1035 2439 λ
1056 2403 1093 2453 (9
1114 2410 1147 2439 et
1165 2402 1206 2453 β)
1238 2405 1337 2437 furta
1365 2405 1522 2442 Peerlk.
1627 2417 1718 2439 cena

188 2474 212 2510 9
233 2460 280 2508 (et
300 2460 340 2510 β)
359 2473 385 2508 3!
415 2471 522 2497 caena
552 2456 612 2497 ὅδ’
642 2460 678 2507 (σ
699 2473 722 2497 α
745 2474 767 2497 r
786 2472 923 2511 2schq
953 2474 975 2498 r
997 2461 1023 2509 ι.)
1146 2460 1198 2498 87
1232 2459 1457 2507 ‘tangentis]
1489 2461 1717 2508 Contempti-

190 2517 302 2552 bilius
334 2529 420 2552 ossa
449 2515 660 2562 tangentis'
690 2519 806 2566 yloss.
838 2517 877 2553 Γ
958 2515 1118 2568 singula]
1151 2516 1269 2566 sigula
1298 2518 1336 2554 E
1420 2517 1473 2555 88
1503 2514 1599 2569 ipse]
1631 2519 1718 2567 ipsae

192 2576 229 2611 Ε
251 2586 318 2621 pr.
404 2575 442 2610 in
473 2585 561 2611 orna
589 2586 613 2622 γ
634 2575 672 2610 F
689 2585 705 2609 ε
726 2573 765 2621 (α
783 2587 846 2622 pr.
871 2574 906 2622 r)
936 2576 1064 2612 inorna
1095 2575 1133 2611 E
1151 2573 1172 2609 λ
1199 2572 1236 2621 (σ
1256 2580 1289 2609 ει
1310 2571 1447 2623 Fran.)
1478 2574 1515 2608 in
1546 2574 1662 2608 horna
1693 2587 1717 2612 a

193 2643 296 2668 corr.
326 2633 389 2679 ql
420 2631 467 2678 (et
494 2629 534 2680 β)
573 2632 691 2668 schol.
732 2630 767 2665 Γ
799 2631 838 2667 ln
878 2643 967 2668 urna
1005 2633 1042 2668 F
1076 2643 1164 2668 aar.
1194 2641 1220 2678 y
1262 2628 1507 2664 ‘hornotina’
1544 2630 1638 2668 Aer.
1676 2633 1717 2669 in

191 2690 394 2735 interpret.
517 2699 555 2724 u.
594 2687 646 2725 89
687 2690 790 2725 omis.
830 2689 868 2724 F
893 2698 906 2724 1
1037 2700 1073 2725 u.
1112 2687 1165 2725 89
1203 2689 1305 2724 inter
1339 2699 1404 2724 uu.
1442 2686 1521 2725 109
1559 2691 1596 2724 et
1636 2687 1718 2726 110

187 2765 325 2812 fuerat
354 2769 393 2803 in
424 2766 463 2813 λ,
495 2777 564 2804 suo
593 2768 677 2804 loco
707 2769 746 2803 in
775 2778 896 2814 marg).
930 2768 1017 2804 add.
1108 2766 1163 2804 90
1191 2765 1235 2802 ad
1265 2761 1380 2815 hunc]
1412 2747 1529 2804 adhifc
1550 2767 1588 2803 Ε
1605 2765 1646 2814 (l)

195 2818 300 2871 quid]
334 2822 430 2871 quod
461 2834 478 2858 ε
498 2836 523 2871 y
627 2822 753 2871 inquid
784 2823 822 2859 E
839 2836 863 2874 γ
976 2824 1025 2862 91
1058 2823 1226 2873 Prerupti
1257 2818 1296 2857 λ’
1327 2823 1447 2860 schol.
1477 2835 1502 2874 γ
1531 2822 1717 2872 Preruptis
