1890 3106
208 149 292 192 218
745 164 903 192 nomam
924 150 1216 193 EPISTVLA'RVM

323 276 416 328 quid
446 276 567 315 maris
598 281 798 315 extremos
827 275 976 316 Arabas
1007 275 1166 315 ditantis
1196 282 1236 315 et
1264 275 1384 316 Indos
1440 294 1443 297 Δ

324 349 498 389 ludicra?
529 349 623 400 quid
656 349 814 400 plausus
846 354 885 389 et
915 350 1032 390 amici
1063 349 1165 389 dona
1197 349 1388 396 Quiritis?

323 435 401 475 quo
433 423 645 474 spectanda
676 423 816 469 modo,
849 435 928 475 quo
958 435 1077 464 sensu
1109 423 1239 464 eredis
1270 428 1309 463 et
1338 424 1432 463 ore?

324 497 390 548 qui
421 497 532 542 timet
561 497 623 536 his
653 497 839 546 aduersa,
870 497 955 537 sere
984 499 1151 538 miratur
1181 497 1319 538 eodem

324 582 400 621 quo
433 571 599 623 cupiens
629 576 764 623 pacto:
795 583 922 624 pauor
952 578 1011 611 est
1040 571 1254 624 utrobique
1279 571 1488 616 molestus,
1698 564 1741 608 10

322 644 523 696 inprouisa
555 644 671 684 simul
702 645 856 697 species
887 651 1062 685 exterret
1089 650 1315 698 utrumque.

323 718 494 769 gaudeat
523 730 572 758 an
604 717 753 763 doleat,
786 719 919 770 cupiat
947 724 1165 759 metuatne:
1199 720 1292 770 quid
1323 719 1369 758 ad
1401 731 1506 763 rem,

323 792 375 837 si,
408 791 593 844 quicquid
624 791 723 831 uidit
752 792 893 832 melius
923 794 1087 845 peiusue
1116 805 1185 832 sua
1217 805 1306 845 spe,

323 864 460 904 defixis
491 865 616 905 oeulis
647 866 858 917 animoque
889 871 929 905 et
958 878 1127 918 corpore
1158 866 1311 918 torpet?

208 1003 480 1030 TESTIMONIA.

321 1068 381 1092 uu.
408 1059 529 1090 7—32
554 1057 712 1100 florileg.
737 1057 970 1092 Nostradam.
1122 1059 1142 1090 7
1165 1057 1364 1090 Diomedes
1387 1057 1452 1092 lib.
1477 1058 1495 1090 Ι
1520 1068 1554 1100 p.
1579 1058 1647 1091 327
1674 1057 1738 1090 K.:

209 1102 389 1135 ‘Flaccus
418 1102 455 1134 in
490 1107 616 1135 satura
648 1103 826 1144 Quiritem
859 1104 970 1135 dixit’
1003 1102 1067 1145 (=
1091 1103 1192 1136 Pers.
1217 1104 1258 1145 5,
1285 1102 1343 1144 75)
1368 1102 1518 1136 Seruius
1551 1099 1736 1147 [Sergius]

212 1151 405 1180 comment.
439 1149 475 1180 in
507 1150 691 1181 Donatum
722 1159 755 1191 p.
782 1150 847 1181 432
880 1150 940 1181 K.:
978 1148 1064 1181 ‘sed
1097 1148 1252 1191 legimus
1289 1148 1386 1191 apud
1415 1149 1612 1181 Horatium
1642 1147 1740 1180 hune

211 1194 406 1235 Quiritem,
433 1197 474 1225 ut
498 1194 547 1226 sit
571 1194 818 1226 nominatiuus
843 1194 902 1226 hie
928 1195 1071 1236 Quiris'
1167 1195 1208 1226 12
1235 1194 1420 1236 ‘gaudeas
1444 1204 1491 1226 an
1516 1193 1653 1233 doleas,
1681 1202 1742 1226 cu·
1780 1225 1793 1241 ·

210 1239 290 1282 pias
306 1242 494 1272 metuasue
512 1239 599 1281 quid
623 1239 671 1271 ad
688 1241 811 1272 remP’
838 1239 1076 1272 Hildebertus
1102 1239 1164 1273 lib.
1191 1240 1236 1271 de
1255 1239 1480 1282 querimonia
1505 1241 1543 1271 et
1567 1238 1740 1272 conflictu

209 1285 329 1317 carnis
355 1287 392 1317 et
415 1285 568 1327 spiritus
594 1296 629 1328 p.
657 1286 723 1317 945

209 1412 337 1439 VARIA
366 1412 519 1439 LECTIO
526 1431 534 1439 .

354 1481 391 1506 u.
426 1469 449 1506 6
481 1471 585 1506 omis.
619 1470 656 1506 E
679 1481 761 1517 pr,
793 1471 880 1506 add.
914 1471 998 1506 ead.
1029 1481 1077 1505 m.
1246 1469 1269 1507 6
1301 1468 1392 1513 Quid
1424 1482 1461 1506 ::
1493 1470 1562 1506 aris
1589 1480 1607 1506 ε
1652 1467 1685 1485 ·’

210 1526 334 1562 arabes
363 1526 400 1560 F
426 1521 464 1561 λ’
494 1522 567 1575 (β’)
598 1525 719 1562 arabas
751 1522 905 1569 cett.';'
1043 1522 1097 1575 et]
1130 1528 1235 1562 omis.
1264 1524 1301 1562 A
1438 1526 1460 1563 7
1493 1538 1556 1562 :::
1591 1525 1689 1562 diora
1723 1537 1741 1562 ε

353 1579 532 1632 ‘ludim-a]
572 1582 720 1615 inania’
757 1585 873 1630 qloss.
902 1581 946 1619 Γ.
981 1584 1158 1630 plerique
1189 1584 1353 1619 editores
1391 1587 1426 1619 et
1457 1584 1564 1620 codd.
1598 1584 1742 1630 aliquot

209 1638 235 1686 (I
256 1650 273 1675 2
302 1640 427 1675 Fran.
456 1638 486 1685 2)
516 1641 795 1687 interpunyunt
826 1644 917 1686 post
948 1638 1054 1687 quid3
1094 1640 1162 1675 aliz·
1187 1643 1228 1675 ut
1257 1640 1364 1676 codd.
1395 1652 1419 1687 9
1447 1641 1462 1676 l
1489 1649 1501 1674 1
1529 1651 1555 1686 y
1585 1634 1631 1688 [β
1659 1638 1740 1674 Βα-

210 1697 268 1732 sil.
308 1696 491 1732 Bruxell.
529 1695 637 1732 9777
682 1696 852 1733 Parisin.
890 1695 1000 1733 8214
1053 1692 1287 1745 Valentiam]
1334 1698 1609 1744 interpunyunt
1647 1692 1740 1742 post

211 1751 367 1798 ludicra⁷
406 1758 467 1788 aut
496 1753 739 1787 subiectionem
775 1753 828 1788 hic
864 1765 934 1787 esse
963 1758 1141 1787 censentes
1176 1752 1226 1797 (et
1256 1751 1387 1788 ludos?
1417 1749 1615 1791 ‘ludicra’.
1652 1751 1739 1800 quid

212 1809 358 1856 plausus
392 1836 401 1844 .
438 1836 447 1845 .
486 1808 509 1854 .)
548 1816 610 1844 aut
647 1812 766 1845 maris
795 1809 930 1846 ludicra
968 1822 1077 1844 unam
1115 1810 1291 1843 notionem
1328 1811 1462 1854 efficere
1492 1814 1660 1854 putantes
1688 1806 1740 1855 (et

210 1865 316 1914 Indos
358 1865 518 1901 ludicra?
558 1865 643 1914 quid
681 1865 828 1913 plausus
859 1892 869 1902 .
899 1893 907 1902 .
939 1864 982 1913 .);
1020 1872 1147 1901 contra
1181 1865 1437 1902 Doederlinus
1471 1866 1580 1911 legit.-
1623 1862 1741 1901 ‘ludi-

211 1933 268 1957 cra
306 1922 391 1969 quid
422 1921 570 1969 plausus
607 1928 643 1958 et
680 1923 780 1958 amici
818 1922 912 1958 dona
939 1921 1132 1966 Quiritis‘22
1162 1922 1308 1970 plausus
1341 1934 1409 1968 pro
1437 1922 1606 1969 genetiuo
1648 1921 1739 1956 acci-

197 1979 327 2028 piens,-
370 1980 466 2015 idem
513 1980 707 2028 impugnat
750 1992 870 2014 eorum
915 1981 1132 2026 opinionem,
1178 1979 1238 2024 qui
1277 1978 1414 2015 ludicra
1451 1980 1552 2013 ludos
1585 1978 1740 2029 publicos

197 2031 281 2069 'esse
319 2037 539 2070 contendunt
574 2036 586 2071 l
615 2047 655 2082 p.
689 2035 740 2072 91
773 2047 827 2084 sq.
952 2036 1106 2084 plausus
1143 2041 1179 2072 et
1216 2036 1331 2072 amici
1365 2033 1390 2071 ὃ
1510 2034 1739 2080 plaususque

208 2094 372 2140 floriley.
401 2093 649 2129 Nostradam.
773 2093 798 2130 8
830 2103 902 2140 quo
933 2089 1014 2143 spe]
1047 2093 1220 2129 abscissa
1249 2095 1288 2129 in
1316 2104 1333 2128 ε
1454 2091 1573 2128 credis
1598 2088 1623 2127 δ

212 2149 234 2186 9
268 2149 322 2184 his
352 2145 404 2185 A'
427 2150 465 2185 E
481 2161 505 2197 γ
526 2146 549 2184 δ
571 2160 583 2185 1
605 2161 623 2185 ε
646 2145 698 2192 ς”
716 2150 834 2186 selzol.
858 2148 1070 2198 Ffloriley.
1093 2150 1340 2186 Nostradam.
1360 2149 1390 2184 is
1411 2140 1535 2185 Ft'd
1555 2159 1598 2194 p.
1613 2157 1695 2185 ras.
1712 2157 1739 2194 y

325 2206 378 2242 10
407 2202 482 2255 est]
514 2208 616 2242 omis.
651 2219 680 2251 φ
701 2217 719 2242 ε
806 2205 999 2254 utrubique
1030 2207 1063 2243 A
1084 2206 1122 2242 Ε
1150 2205 1343 2253 utrobique
1374 2199 1538 2248 cett.';'‘
1560 2203 1607 2252 (et
1638 2215 1735 2241 omn.

211 2263 319 2299 codd.
343 2261 474 2310 Cruq.)
501 2264 665 2310 florileg).
691 2263 936 2299 Nostradam.
969 2263 1116 2307 utrique
1141 2274 1168 2310 y
1190 2274 1220 2298 ω
1250 2262 1285 2295 in
1320 2268 1477 2307 utroque
1497 2273 1523 2309 y
1611 2260 1660 2296 11
1684 2259 1740 2296 ln-

212 2320 358 2367 prouisa
387 2315 523 2362 Ω”ς”
551 2320 713 2367 florileg).
747 2319 992 2356 Nostradam.
1023 2320 1138 2364 Impr:
1169 2331 1193 2367 9
1288 2319 1422 2366 speties
1453 2319 1485 2353 A
1579 2322 1738 2354 exterret

213 2382 407 2423 utrumque
437 2386 461 2425 ‘y
487 2376 525 2411 F
553 2371 592 2410 λ’
614 2372 638 2411 ὃ
666 2387 683 2411 ε
708 2372 759 2419 ς”
789 2377 954 2424 floriley.
988 2376 1234 2412 Nostradam.
1267 2375 1442 2411 exterruit
1474 2378 1556 2410 utri-1
1587 2374 1626 2410 E
1649 2371 1688 2419 (a
1712 2371 1739 2417 ι)

213 2432 402 2469 exterruit.
443 2430 635 2480 utrumffi
664 2433 697 2468 A
805 2429 982 2482 exterret]
1022 2437 1168 2466 exercet
1196 2444 1223 2480 y
1254 2427 1293 2481 [1
1330 2433 1413 2468 eod.
1444 2427 1568 2481 Feae]
1601 2423 1737 2466 Marli-

211 2490 354 2526 landus
383 2492 428 2534 cf.
460 2501 549 2527 uar.
578 2491 667 2525 lect.
709 2488 848 2537 Verqil.
879 2499 1009 2537 yeory.
1040 2489 1083 2525 lll
1114 2487 1217 2529 434;
1256 2491 1425 2521 externat
1453 2487 1656 2524 Jacobs-ius
1683 2487 1736 2523 le-

191 2549 328 2582 .elz'on.
360 2545 500 2582 Venus,
527 2557 568 2592 p.
601 2545 699 2587 157;
742 2546 879 2594 Veryil.
913 2547 1008 2581 Aen.
1040 2545 1084 2581 xl
1115 2545 1196 2582 806
1228 2555 1303 2592 sq..·
1343 2542 1464 2587 ‘sugit
1499 2547 1585 2577 ante
1622 2541 1737 2576 omnis

213 2602 413 2636 exterritus
444 2604 589 2635 Arruns
620 2601 758 2635 laetitia
790 2602 973 2648 mixtoque
1003 2601 1122 2636 metu’
1153 2602 1306 2637 Lucret.
1337 2600 1365 2635 ll
1389 2599 1517 2637 1040:
1549 2597 1737 2633 ‘nouitate

214 2659 413 2692 exterritus
443 2657 549 2704 ipsa'
668 2657 719 2694 12
751 2655 887 2708 cupiat]
921 2660 1025 2696 omis.
1058 2670 1076 2695 ε
1190 2661 1374 2694 metuatne
1391 2651 1529 2700 ,Ω”ς”
1559 2654 1608 2703 (et
1636 2666 1733 2692 omn.

214 2750 322 2784 codd.
355 2748 485 2796 Cruq.)
524 2735 705 2783 metuatne
734 2761 758 2784 ν
795 2718 983 2785 metuatmr
1012 2753 1196 2785 metuatue
1227 2749 1257 2783 A
1276 2758 1292 2783 2
1323 2758 1353 2783 ω
1371 2748 1534 2795 floriley.
1556 2745 1741 2783 Nostra.d

214 2804 464 2842 Hildebertus
599 2805 650 2842 13
682 2805 852 2854 quicquid
882 2800 953 2841 52st
977 2798 1027 2849 ς”
1068 2803 1246 2851 quidquid
1276 2815 1300 2852 9
1326 2814 1353 2850 y
1486 2803 1638 2851 peiusne
1666 2798 1693 2838 ὃ
1710 2813 1736 2849 y

214 2861 365 2909 peiusue
397 2873 413 2897 ε
444 2862 594 2909 peiusue
623 2856 798 2905 cett.'';‘'
827 2864 990 2910 floriley.
1023 2862 1267 2898 Nostradam.
1298 2860 1478 2906 peiusque
1505 2871 1531 2907 y
1560 2860 1644 2895 Fea
1711 2894 1714 2897 .
