1890 3106
210 141 294 183 252
742 156 901 184 nonam
931 157 1226 186 nms'rvLARvM

322 268 517 314 Maenius,
550 272 594 307 ut
624 267 746 307 rebus
777 269 969 308 maternis
999 272 1116 320 atque
1146 270 1324 321 paternis

323 341 479 381 sortiter
509 340 728 392 absumptis
758 340 936 382 urbanus
966 343 1097 395 coepit
1127 341 1266 383 baberi

324 427 485 461 scurra,
517 426 659 467 uagus,
692 427 772 455 non
804 417 871 466 qui
902 421 1055 456 certum
1086 428 1303 469 praesaepe
1333 423 1508 464 teneret,

322 490 534 540 inpransus
565 501 644 529 non
677 491 742 540 qui
774 489 902 530 ciuem
935 489 1162 530 dinosceret
1190 490 1325 538 hoste,

322 562 522 615 quaelibet
551 563 588 602 in
621 565 802 616 quemuis
832 563 1046 616 obprobria
1076 564 1227 616 fingere
1259 565 1456 611 *saeuos,
1695 572 1741 603 30

321 638 522 688 pernicies
554 643 592 677 et
623 642 834 688 tempestas
865 637 1175 691 barathrumque
1208 638 1382 684 macelli,

322 710 509 762 quicquid
543 712 786 762 quaesierat,
819 712 951 751 uentri
982 711 1154 751 donabat
1184 724 1319 752 auaro.

322 784 407 829 hic.
440 784 508 824 ubi
539 786 738 837 nequitiae
767 784 989 825 fautoribus
1020 791 1059 825 et
1088 786 1236 826 timidis
1267 785 1321 826 nil

321 863 386 897 aut
415 858 576 910 paulum
608 853 844 904 abstulerat,
876 860 1030 911 patinas
1060 859 1228 899 cenabat
1258 861 1382 900 omasi

320 931 410 971 uilis
441 938 480 972 et
509 933 676 983 agninae
706 931 835 973 tribus
866 934 970 972 ursis
1000 932 1106 984 quod
1137 934 1233 973 satis
1264 938 1390 980 esset,
1693 942 1738 974 35

205 1104 474 1131 TESTIMONIA.

297 1166 340 1197 29
366 1164 413 1197 cf.
430 1164 605 1197 Manilius
622 1166 653 1198 V
670 1165 754 1198 494:
782 1168 876 1198 ‘nec
901 1175 1028 1208 pacem
1047 1165 1155 1207 bello,
1183 1167 1301 1199 ciuem
1329 1166 1514 1200 discernet
1539 1167 1585 1200 ab
1609 1166 1736 1202 hoste'

299 1212 339 1242 31
369 1210 416 1242 cf.
442 1212 522 1242 uita
548 1210 744 1244 Benedicti
775 1211 923 1244 abbatis
948 1211 1138 1244 Clusensis
1169 1222 1199 1244 c.
1227 1214 1268 1245 13
1299 1209 1440 1256 [Pertz.
1464 1212 1575 1246 XIIII
1597 1226 1643 1243 =
1666 1212 1739 1246 XII

205 1253 306 1300 205]:
335 1255 442 1287 ‘talis
467 1266 554 1299 ergo
579 1256 764 1299 pernicies
790 1260 827 1289 et
852 1259 1055 1300 tempestas
1081 1257 1342 1299 baratrumque
1359 1257 1505 1290 macelli
1529 1259 1636 1292 annis
1659 1258 1739 1302 plu-

205 1302 306 1333 rimis
331 1304 498 1333 sanctum
514 1302 586 1334 Dei
609 1302 728 1334 uirum
755 1329 762 1337 .
784 1328 792 1336 .
814 1327 821 1335 .
848 1303 1020 1335 uexauit'
1114 1304 1157 1336 32
1183 1303 1230 1336 cf.
1260 1302 1423 1336 eiusdem
1447 1315 1477 1336 c.
1500 1305 1540 1336 12
1567 1301 1616 1347 [p.
1633 1302 1738 1347 205]:

207 1350 218 1366 ‘
230 1346 405 1389 quicquid
430 1346 685 1390 undecumque
711 1347 911 1390 compilare
937 1351 1104 1391 poterat,
1130 1349 1253 1381 uentri
1277 1348 1440 1382 donabat
1463 1351 1596 1381 auaro’

205 1394 248 1425 34
274 1392 435 1435 ‘patinis
460 1393 643 1425 eaenabat
669 1393 805 1426 omasi’
831 1393 1049 1436 glossarium
1076 1393 1151 1427 Mai
1179 1391 1341 1437 [classic.
1367 1397 1466 1431 auct.
1493 1393 1581 1429 VIII
1606 1392 1689 1438 394]

203 1543 332 1571 VARIA
361 1543 528 1570 LEOTIO.

319 1611 372 1649 26
403 1611 562 1647 Maenius
594 1607 645 1647 A'
669 1611 702 1647 E
718 1624 742 1660 y
762 1610 871 1657 (cons.
898 1612 934 1659 v)
964 1608 1075 1659 Pplz!
1104 1608 1265 1659 Poe-ph!
1286 1613 1405 1650 sclzol.
1427 1624 1444 1649 ε
1474 1612 1610 1650 Meuius
1633 1609 1736 1651 cett!

205 1666 254 1717 (m
283 1679 404 1702 enuus
430 1665 467 1716 9)
501 1666 651 1701 Mallius
687 1669 887 1706 Beckerus
916 1680 1010 1706 mus.
1044 1670 1170 1707 Rken.
1201 1669 1228 1703 V
1259 1669 1339 1706 373
1430 1669 1481 1707 27
1513 1671 1607 1718 cepit
1635 1682 1660 1719 γ

205 1727 390 1762 editorum
426 1726 601 1772 plerique
635 1732 714 1771 post
746 1725 867 1762 haberi
896 1727 1181 1773 interpungunt‚
1219 1737 1289 1763 nos
1317 1739 1396 1761 cum
1426 1727 1622 1764 codicibus
1651 1728 1735 1776 qui-

205 1783 363 1819 busdam
393 1788 427 1816 et
455 1781 688 1819 Doederlmo
723 1789 801 1828 post
831 1794 955 1819 scurra
985 1785 1204 1830 distinguere
1241 1783 1429 1818 maluimus
1544 1782 1597 1821 28
1628 1794 1735 1829 prae-

205 1850 317 1884 saepe
347 1846 369 1873 σ
399 1849 551 1887 presepe
581 1850 604 1886 y
626 1838 646 1874 λ
677 1847 850 1887 praesepe
880 1842 943 1877 uel
971 1840 1079 1889 psepe
1109 1835 1211 1877 cett.l
1241 1835 1354 1887 Pplz!
1470 1839 1522 1878 29
1555 1840 1735 1889 lnpraisus

206 1896 238 1930 A
269 1895 473 1944 impransus
504 1895 542 1930 E
566 1891 672 1944 (β’ῖ)
703 1895 896 1944 lnpransus
927 1892 1030 1934 cett!
1049 1893 1088 1941 ς’
1119 1892 1232 1944 Pph!
1347 1893 1482 1947 ciuem]
1515 1897 1632 1934 uicem
1666 1897 1701 1934 Ε
1722 1907 1735 1934 1

205 1997 240 2045 (r
262 2007 273 2034 1
296 2004 329 2033 et
349 2008 378 2032 π
400 1998 427 2044 1)
459 1957 607 2031 οιζίωὲζὲ
635 2010 660 2034 v
747 1997 952 2035 dinosceret
978 1995 1103 2043 52'';'
1125 1998 1173 2047 (et
1191 1996 1232 2047 β)
1263 1998 1495 2046 disnosceret
1519 2010 1546 2046 y
1569 1995 1734 2049 [Fran-J

317 2055 425 2091 hoste‘
446 2054 485 2090 E
502 2053 539 2100 (α
561 2065 577 2090 2
598 2053 702 2102 uem)
781 2055 836 2092 30
857 2054 1020 2099 Quelibet
1041 2068 1064 2104 γ
1143 2055 1335 2105 opprobria
1357 2056 1389 2091 A
1410 2054 1448 2104 (9
1468 2054 1506 2102 v)
1529 2057 1678 2104 opppria
1700 2055 1739 2091 E

205 2110 396 2160 obprobria
427 2103 527 2147 cett!
546 2107 597 2154 ς”
686 2107 842 2161 fingere]
875 2112 1061 2156 stringere
1093 2114 1178 2150 Nic.
1202 2113 1388 2149 Heinsius
1415 2112 1563 2159 improb.
1593 2112 1735 2158 Bentl.⁹

203 2168 360 2202 fundere
400 2167 665 2205 Schrader-us.-
704 2168 839 2213 probra
878 2169 1018 2213 fingere
1055 2171 1164 2217 apud
1200 2169 1358 2207 Sallust.
1391 2169 1568 2218 Iuyurth.
1600 2167 1676 2216 44,
1709 2169 1733 2206 5

204 2225 354 2259 crimina
393 2224 534 2268 fingere
570 2226 677 2272 apud
708 2224 814 2262 Ouid.
847 2228 958 2272 epist.
993 2225 1065 2273 12,
1100 2227 1178 2263 177
1212 2226 1288 2263 Cic.
1318 2229 1358 2263 in
1401 2226 1510 2263 Verr.
1542 2225 1555 2261 Ι
1587 2225 1633 2273 5,
1667 2225 1733 2263 15.

204 2283 388 2318 Ammian.
421 2281 599 2318 Marcell.
632 2281 720 2317 XVll
753 2282 801 2318 11
928 2294 1038 2319 seuus
1069 2284 1108 2319 Ε
1134 2294 1264 2320 saeuus
1295 2278 1408 2319 cett.''
1441 2279 1487 2331 (et
1518 2281 1542 2318 2
1574 2280 1734 2330 Bland.)

203 2343 327 2372 certus
356 2349 383 2385 y
414 2334 459 2388 [2
498 2339 605 2375 codd.
639 2338 780 2375 Bland.
804 2335 868 2389 (?)]
901 2338 1005 2373 dirus
1029 2351 1056 2387 y
1088 2336 1382 2390 [Montepessul.
1414 2336 1446 2390 1]
1488 2345 1567 2386 post
1603 2349 1733 2375 saeuus

201 2400 386 2442 punctum
415 2407 498 2440 pon.
530 2395 789 2432 Doederlinus
889 2395 939 2432 31
973 2396 1150 2434 Pernities
1180 2409 1203 2446 y
1224 2395 1264 2444 (l)
1294 2395 1493 2430 Pernecies
1524 2407 1548 2431 ν
1634 2394 1734 2431 bara-

204 2453 325 2489 thrum
355 2453 388 2488 A
418 2451 599 2488 baratrum
633 2444 735 2489 cett.'
757 2448 806 2496 ς”
923 2452 975 2490 32
1009 2452 1184 2502 Quicquid
1202 2448 1276 2489 52⁰
1294 2449 1344 2497 ς”
1376 2452 1568 2499 Quidquid
1595 2465 1620 2500 9

204 2509 386 2557 quesierat
417 2508 436 2543 λ.
468 2510 660 2558 quaesierat
690 2510 723 2546 A
820 2509 975 2546 donabat
1004 2502 1144 2560 A‘Ey
1165 2509 1185 2546 λ
1206 2522 1294 2547 uar.
1317 2506 1357 2556 (β
1367 2505 1408 2544 ’σ
1426 2508 1463 2557 9)
1495 2511 1574 2546 uita
1606 2509 1732 2545 Bene-

203 2612 296 2648 dicti
324 2610 475 2646 donarat
505 2612 544 2647 F
562 2606 631 2646 λέ
652 2609 691 2658 (ν
710 2607 792 2647 π’φ·
818 2618 851 2646 et
872 2612 897 2647 4
921 2611 1077 2660 Bland.)
1107 2569 1276 2646 dongrgsst
1293 2623 1319 2647 υ
1349 2611 1505 2644 donaret
1535 2610 1735 2647 Bentleius

318 2667 369 2704 33
402 2667 485 2700 hinc
517 2667 577 2701 ubi
609 2668 867 2705 Doederlinus
898 2669 947 2702 nil
978 2669 1039 2702 ubi
1072 2669 1256 2705 Lchrsius
1390 2667 1555 2715 nequicie
1585 2665 1606 2701 λ

205 2747 256 2784 34
289 2747 457 2783 caenabat
486 2760 510 2797 γ
530 2748 567 2783 F
583 2759 601 2784 ε
625 2739 719 2794 (π’ν
737 2746 765 2795 Ζ)
797 2748 945 2784 cenabat
966 2741 1066 2784 A'E
1084 2747 1104 2783 λ
1123 2761 1147 2796 9
1171 2744 1209 2792 ς’
1240 2727 1382 2795 οεξέἶὺειι
1401 2759 1427 2782 υ
1510 2751 1590 2792 post
1620 2746 1732 2782 omasi

202 2818 279 2839 cum
312 2805 505 2841 codicibus
525 2806 750 2852 quibusdam
779 2805 1005 2852 interpuugit
1026 2805 1153 2842 Bentl.
1242 2817 1280 2841 u.
1304 2803 1355 2840 35
1388 2813 1529 2840 erasus
1548 2815 1566 2840 ε
1589 2813 1618 2848 1,
1642 2803 1730 2840 add.

203 2873 220 2897 ε
242 2873 257 2898 ·,»
346 2862 464 2908 agnini
492 2858 574 2912 A'y
593 2863 614 2899 λ
632 2863 697 2898 E2
713 2875 744 2910 φ
761 2872 777 2898 2
793 2874 810 2898 ε
827 2874 842 2899 2
864 2862 903 2910 (ν
918 2863 1036 2910 6922
1055 2875 1077 2898 r
1097 2868 1129 2897 et
1149 2861 1268 2909 Lips.)
1299 2860 1449 2909 agninae
1470 2865 1505 2907 ψ
1526 2857 1610 2910 (β’·ε
1629 2860 1644 2896 l
1665 2869 1676 2895 ι
1699 2866 1731 2896 et
