1890 3106
749 142 831 168 mn.
866 142 897 168 11
927 141 962 173 2,
986 139 1089 167 52—'15
1610 124 1694 165 310

266 254 445 295 scribere
476 267 593 307 posse
623 255 729 294 inter
758 259 817 293 tot
847 266 964 294 curas
997 258 1132 305 totque
1163 252 1345 292 labores?

266 329 331 368 hic
363 341 555 382 sponsum
589 333 723 375 uocat,
756 327 820 367 hic
851 328 1029 368 auditum
1060 328 1229 379 scripta,
1266 326 1416 366 relictis

267 403 454 443 omnibus
485 403 646 448 officiis;
679 402 800 442 cubat
830 403 895 441 hie
925 403 965 442 in
997 401 1098 441 colle
1129 401 1304 448 Quirini,

267 477 331 517 hic
363 484 542 517 extremo
572 478 612 516 in
645 477 862 522 Auentino,
895 476 1087 516 uisendus
1119 481 1305 528 uterque:

266 551 479 592 interualla
510 551 623 591 uides
654 551 828 591 humane
860 550 1082 591 commoda.
1144 550 1309 589 ‘uerum
1651 555 1695 587 70

266 639 390 679 purae
420 631 513 665 sunt
544 625 716 677 plateae,
750 624 847 664 nihil
879 630 921 664 ut
950 622 1236 664 meditantibus
1266 624 1433 675 opstet'.

266 701 427 740 festinat
458 698 606 738 calidus
638 698 754 738 mulis
784 698 1014 750 gerulisque
1046 697 1296 749 redemptor,

267 778 425 826 torquet
455 786 562 813 nunc
592 773 783 826 lapidem,
818 785 922 813 nunc
954 774 1095 824 ingens
1126 772 1307 812 maehina
1340 772 1512 823 tignum,

266 849 395 889 tristia
427 847 604 887 robustis
634 847 835 887 luctantur
866 849 1007 887 funera
1039 847 1247 900 plaustriS,

267 922 341 962 hac
372 921 527 962 rabiosa
561 922 661 973 sugit
692 923 820 967 canis,
854 922 928 961 hac
951 921 1145 961 lutulenta
1178 921 1255 960 ruit
1288 932 1372 959 sus:
1651 924 1694 957 75

151 1062 421 1089 TESTIMONIA.

265 1126 326 1150 uu.
352 1116 500 1149 72—77
534 1115 738 1157 florileg.
765 1115 1047 1149 Nostradam.
1190 1115 1234 1147 75
1258 1115 1434 1146 Donatus
1465 1113 1511 1146 ad
1543 1113 1693 1147 Terent.

150 1161 295 1204 adelph,
312 1162 368 1195 ΙΙΙ
387 1163 421 1205 2,
441 1163 483 1193 21
593 1161 687 1193 ‘hae
713 1161 902 1193 lutulenta
919 1161 995 1192 ruit
1013 1162 1095 1192 sus’
1115 1160 1284 1193 Donatus
1310 1159 1358 1191 ad
1377 1160 1526 1192 Terent.
1545 1159 1692 1201 adelph.

150 1207 225 1240 IIII
249 1209 288 1246 2,
317 1209 356 1239 11
476 1207 524 1240 cf.
548 1207 734 1239 Ausonius
760 1207 870 1250 epist.
898 1208 958 1248 10,
985 1207 1044 1238 25:
1077 1209 1160 1238 ‘sus
1186 1205 1374 1238 lutulenta
1400 1205 1515 1247 fugit,
1544 1205 1694 1237 rabidus

151 1253 254 1285 canis
278 1255 414 1296 impete
440 1256 590 1286 saeuo’.
641 1253 864 1285 Lactantius
889 1253 1008 1285 instit.
1032 1252 1088 1285 ΙΙΙ
1113 1251 1152 1291 8,
1178 1254 1216 1284 9;
1251 1254 1418 1290 ‘uerum,
1445 1251 1584 1293 inquit,
1612 1250 1694 1283 obs-

152 1309 266 1331 cenus
292 1299 397 1331 canis
422 1302 488 1332 aut
514 1309 577 1331 sus
602 1298 664 1331 ille
691 1298 901 1331 lutulentus
927 1322 936 1331 .
964 1323 971 1329 .
999 1301 1029 1332 ‚³

149 1455 279 1482 VARIA
308 1455 476 1482 LEGTIO.

151 1536 259 1573 codd.
293 1533 467 1583 Cruquii)
496 1530 657 1583 Porplzl
758 1546 907 1572 romene
933 1536 967 1571 E
992 1536 1157 1583 floriley.
1181 1535 1364 1572 Nostrad.
1398 1534 1560 1568 Romana
1582 1535 1691 1572 Bax-

152 1596 260 1629 terus
288 1604 371 1639 opp.
401 1585 563 1639 Por-ples

265 1649 318 1687 66
351 1649 511 1684 REDIT
529 1663 573 1692 ν,-
605 1645 657 1693 ς”
678 1663 734 1681 =
755 1654 824 1686 aul
845 1662 944 1687 omn.
971 1651 1079 1687 codd.
1102 1643 1147 1699 β’
1169 1648 1209 1700 (β
1230 1649 1370 1696 Fran.)
1392 1662 1417 1686 ν
1436 1645 1485 1684 π’
1509 1648 1553 1697 (π
1574 1649 1695 1697 Lips.)

149 1714 173 1741 6
193 1719 217 1743 a
237 1719 261 1755 9
282 1719 304 1742 r
323 1719 349 1743 υ
370 1705 454 1755 (dl)
486 1711 554 1744 auc
583 1707 720 1743 horum
751 1708 861 1744 codd.
883 1718 930 1744 ea
959 1718 1058 1754 pars
1089 1718 1142 1744 ex
1172 1708 1310 1755 quibus
1339 1719 1416 1744 non
1438 1709 1540 1744 aliae
1560 1709 1692 1744 lectio-

152 1775 221 1800 nes
251 1768 458 1806 notamur,-
490 1776 514 1807 ς
540 1781 596 1794 =
627 1769 695 1801 aul
733 1776 831 1801 omn.
865 1765 973 1802 codd.
1005 1777 1028 1799 v
1056 1772 1080 1799 6
1108 1777 1132 1801 a
1159 1778 1184 1812 9
1213 1777 1235 1799 r
1263 1777 1289 1800 υ
1317 1764 1359 1812 (d
1381 1764 1410 1811 l)
1449 1769 1517 1800 aut
1556 1764 1691 1801 horum

307 1822 415 1858 codd.
447 1831 493 1858 ecc
522 1832 622 1868 pars
652 1832 705 1858 ex
733 1814 872 1869 'quibus
902 1833 978 1858 non
1010 1822 1113 1858 aliae
1141 1823 1327 1859 lectiones
1356 1826 1543 1858 notantur

267 1888 319 1926 68
352 1888 475 1926 offitiis
497 1902 528 1936 φ
615 1889 775 1930 Quirino
798 1889 885 1926 Nic.
909 1889 1092 1926 Heinsius
1115 1902 1195 1935 opp.
1217 1891 1322 1925 ctiam
1344 1891 1507 1938 florile9.
1530 1890 1693 1926 Nostra-

151 1948 251 1983 clam.
285 1953 318 1980 et
347 1950 393 1991 cf.
430 1946 536 1984 Ouid.
566 1946 665 1994 fast.
695 1946 754 1982 llll
785 1946 886 1983 375:
920 1944 1034 1980 ‘colle
1065 1946 1240 1987 Quirini'
1355 1947 1450 1981 inter
1478 1959 1544 1983 uu.
1577 1947 1629 1984 68
1661 1953 1694 1981 et

153 2003 205 2041 69
226 2004 373 2038 inseruit
392 2016 430 2040 u.
450 2003 502 2041 57
515 2016 541 2051 9
560 2000 608 2054 [π
621 2000 705 2054 pru]
794 2003 848 2041 70
869 2004 1044 2040 humanae
1066 2000 1138 2040 Εδ
1145 1997 1175 2040 ἐ
1190 2003 1228 2051 (6
1242 2016 1266 2040 α
1286 2014 1296 2040 1
1314 2015 1335 2039 r
1353 2014 1364 2039 1
1382 2010 1415 2038 et
1434 2013 1464 2038 π
1487 2003 1511 2040 3
1534 2003 1694 2051 Bland.)

151 2071 230 2094 cum
251 2072 355 2094 mane
377 2065 435 2095 est
454 2061 692 2098 Franckeus
715 2060 811 2094 haud
828 2071 919 2094 sane
934 2061 1207 2098 Froelzlz'clzius
1227 2061 1360 2094 homini
1380 2060 1443 2094 uni
1460 2061 1695 2097 Ribbeckius

151 2118 321 2152 insanum
342 2118 568 2155 Duntzerus
588 2130 670 2164 opp.
692 2114 804 2165 Pplzs
825 2114 1111 2167 Porpk.'9loss.
1132 2117 1172 2153 Γ
1241 2129 1306 2154 uer
1328 2131 1336 2153 :
1360 2130 1368 2153 ε
1390 2130 1408 2154 ε
1430 2128 1558 2154 uerum
1580 2113 1694 2154 cetl.''

153 2171 204 2218 ς”
226 2165 339 2222 ΡρΙι.’
370 2187 491 2209 rerum
520 2188 546 2223 9
570 2171 615 2225 [1
639 2175 781 2212 Bland.
814 2181 846 2210 et
872 2175 906 2210 Τ
903 2171 1096 2226 onsanus]
1132 2174 1324 2224 Cruquz'us
1441 2174 1493 2211 71
1523 2173 1639 2210 Purae
1661 2176 1699 2211 E

151 2228 244 2278 (β’σ
265 2244 290 2268 α
311 2244 334 2268 r
354 2239 387 2267 ει
408 2232 512 2279 Lips.
536 2244 634 2270 omn.
659 2232 817 2280 Bland.)
846 2238 1024 2268 testamur
1054 2233 1175 2275 schol.
1197 2245 1223 2268 ν
1252 2238 1286 2267 et
1315 2227 1475 2279 Porphs
1496 2233 1549 2268 ad
1576 2244 1616 2268 u.
1642 2232 1694 2269 75

150 2288 277 2325 Plures
299 2290 336 2325 F
353 2285 416 2325 δέ
438 2288 476 2336 (ν
495 2302 519 2338 9
538 2302 563 2325 v
585 2296 618 2324 et
637 2288 680 2336 π)
702 2289 767 2337 Pf.
797 2288 924 2326 Plures
946 2286 986 2325 λ’
1008 2288 1060 2340 (d)
1093 2288 1149 2323 esi
1171 2301 1263 2335 pure
1285 2289 1422 2334 legitur
1443 2288 1616 2333 yronicos
1639 2288 1695 2322 in—

151 2344 311 2390 tellege'
349 2348 464 2393 yloss.
498 2345 537 2381 Γ
574 2345 867 2391 ‘interrogatiue
912 2346 1254 2393 pronuntiandum’
1291 2342 1453 2393 Porph.'
1491 2345 1696 2398 Plurqsunt

150 2403 249 2450 Pph.
280 2407 326 2448 cf.
358 2404 441 2440 Liu.
475 2403 595 2439 XXllll
619 2403 690 2440 14:
722 2401 866 2448 ‘signis
897 2404 1040 2438 collatis
1072 2403 1325 2438 dimicaturum
1356 2414 1450 2448 puro
1481 2414 1523 2436 ac
1553 2402 1694 2448 patenti

150 2458 299 2506 campo'
387 2460 528 2509 plateae
550 2460 570 2495 λ
658 2465 780 2509 opstet
800 2457 824 2496 ὃ
838 2454 887 2508 (d
903 2471 919 2497 2
930 2477 942 2502 ,·
962 2462 989 2497 d
1009 2471 1020 2497 1
1042 2473 1079 2496 n.
1100 2461 1142 2507 l.)
1165 2460 1285 2497 obstet
1307 2456 1410 2498 cett!
1424 2456 1475 2504 ς”
1499 2460 1597 2493 obsit
1617 2468 1640 2495 6

149 2524 230 2563 post
260 2516 726 2570 obstet·interr09ationis
756 2519 905 2566 siqnum
931 2529 1023 2566 pon.
1047 2519 1222 2567 codicum
1242 2519 1386 2555 Horat.
1413 2528 1514 2565 pars
1537 2509 1697 2564 Por-ph!

152 2575 271 2612 schol.
302 2573 394 2622 Γ(ν
415 2573 446 2622 ε)
476 2575 736 2612 Doederlinus
844 2574 894 2611 72
926 2571 1094 2625 festinat]
1127 2587 1256 2621 nempe
1286 2576 1404 2609 instat
1434 2574 1620 2611 Lehrsius

154 2631 206 2669 73
237 2632 574 2682 machinaUgnum
596 2633 635 2668 Ε
727 2643 792 2668 uu.
825 2630 992 2669 74—94
1020 2643 1276 2680 perpauca
1309 2636 1581 2679 supersunt
1610 2633 1657 2668 in
1679 2643 1696 2667 ε

267 2688 320 2726 74
350 2689 501 2738 plustris
524 2690 562 2726 E
677 2688 728 2725 75
761 2684 844 2738 hac]
879 2688 929 2725 [lc
958 2687 1044 2737 (sic)
1072 2701 1090 2726 ε
1121 2689 1196 2738 Hec
1224 2690 1293 2725 E1
1424 2687 1522 2737 fugit
1551 2682 1624 2724 εἷ’
1644 2681 1698 2732 ς”

153 2741 264 2792 Pph!
286 2746 465 2783 Donatus
484 2747 600 2792 floril.
627 2746 756 2783 Nostr.
782 2748 876 2790 quod
902 2753 1049 2792 propter
1081 2749 1231 2782 alterum
1261 2744 1403 2794 tfugit’
1436 2758 1473 2782 u.
1499 2745 1551 2782 77
1583 2747 1697 2780 nescio

153 2814 201 2836 an
230 2803 283 2837 hic
312 2804 527 2839 reiciendum
558 2810 654 2838 erat.-
685 2810 838 2838 ceterum
868 2804 939 2837 iam
962 2804 1156 2840 Ausonius
1186 2802 1282 2851 (uide
1309 2805 1423 2837 locum
1454 2815 1555 2847 quem
1584 2816 1697 2849 supra

153 2859 395 2908 laudauimus)
426 2859 572 2905 ‘fugit'
604 2862 732 2907 legisse
761 2861 940 2896 uideatur.
974 2860 1066 2894 furit
1094 2873 1116 2896 r
1138 2860 1184 2897 1?
1208 2873 1233 2908 y
1261 2856 1426 2910 [aliquot
1454 2861 1562 2896 codd.
1592 2861 1697 2897 Fene
