1890 3106
209 156 293 198 304
734 159 737 162 ”
751 173 912 200 noRAri
941 173 1235 202 EPISTVLARVM

322 296 410 323 cnm
442 296 647 336 speramus
679 297 840 324 eorem
872 291 1099 331 uenturam,
1131 291 1175 326 nt
1205 286 1321 326 simul
1352 290 1469 339 atque

321 358 495 396 carmina
528 358 714 398 rescieris
744 371 817 399 nos
848 359 1018 410 fingere,
1050 359 1284 399 commodus
1313 359 1417 400 ultro

321 443 498 471 arcessas
530 437 569 470 et
599 443 718 484 egere
748 437 861 473 uetes
892 439 931 472 et
962 432 1140 473 scribere
1171 446 1301 485 cogas.

320 505 388 544 sed
421 511 552 545 tamen
584 510 643 546 est
673 518 818 559 operae
848 508 1019 560 pretium
1051 519 1312 559 cognoscere,
1346 508 1471 559 qualis

320 579 499 619 aedituos
530 579 672 620 habeat
702 579 794 620 belli
825 586 1001 634 spectata
1033 582 1219 633 domique
1438 622 1442 625 ,
1671 588 1739 620 230

322 654 477 699 VirtuS‚
509 653 673 705 indigno
704 666 783 694 non
817 655 1099 696 committenda
1128 661 1282 709 poetae.

321 732 459 778 gratus
489 727 716 768 Alexandro
748 731 832 781 regi
863 742 1006 782 magno
1037 731 1110 769 fuit
1139 730 1206 770 ille

317 800 536 847 Choerilus,
569 802 728 842 incultis
758 805 825 855 qui
855 803 1039 843 uersibus
1069 809 1109 844 et
1139 804 1241 844 male
1272 806 1374 845 natis

318 874 471 914 rettulit
500 881 705 928 acceptos,
738 876 871 929 regale
901 859 1116 923 nomisma,
1149 878 1364 931 Philippos.

203 1024 473 1051 TESTIMONIA.

201 1080 340 1111 Auson.
360 1082 455 1121 grat.
469 1081 543 1111 act.
562 1089 597 1121 p.
611 1080 678 1112 296
696 1079 796 1123 Bip.:
822 1081 1010 1114 ‘tenuiore
1025 1081 1097 1122 filo,
1115 1084 1156 1115 ut
1173 1081 1319 1121 dieitur,
1339 1081 1500 1115 deducta
1516 1082 1734 1116 libauerim’

202 1124 433 1157 Columnella
461 1124 494 1156 X
518 1125 578 1156 40:
612 1126 798 1159 ‘Pierides
830 1127 935 1158 tenui
966 1127 1136 1160 deducite
1168 1128 1327 1159 carmine
1359 1129 1488 1160 Musae
1521 1128 1587 1170 (sc.
1614 1127 1736 1161 cultus

202 1173 240 1202 et
264 1174 429 1212 tempora
456 1169 623 1202 serendis
648 1171 842 1204 arboribus
866 1172 976 1213 etc.)'
1076 1174 1258 1206 232-234
1281 1173 1352 1206 huc
1377 1174 1586 1217 respexisse
1610 1173 1735 1206 uidea-

202 1219 260 1247 tur
277 1215 460 1248 Ausonius
480 1216 598 1257 epist.
617 1218 675 1254 16,
694 1218 733 1249 3:
766 1220 940 1260 ‘cumque
966 1228 1034 1260 ego
1058 1219 1225 1251 imitatus
1251 1219 1317 1251 sim
1340 1220 1532 1252 uesaniam
1557 1218 1734 1258 Choerili,

201 1265 241 1292 tu
274 1262 446 1302 ignoscas
478 1262 786 1302 magnanimitate
818 1262 1041 1295 Alexandri'
1181 1265 1247 1296 234
1272 1265 1437 1296 imitatus
1469 1267 1527 1297 est
1550 1263 1736 1297 Ausonius

200 1307 307 1348 epist.
336 1308 374 1348 5,
403 1308 460 1339 19:
492 1307 572 1338 ‘bis
598 1310 738 1350 septem
763 1309 894 1341 rutilos
919 1309 1045 1351 regale
1078 1309 1256 1341 nomisma
1281 1309 1493 1353 Philippos’
1526 1310 1587 1352 18,
1613 1311 1634 1343 5
1660 1319 1733 1352 sq.:

202 1354 311 1394 ‘ergo
342 1352 572 1394 interceptos
604 1353 728 1395 regale
762 1354 939 1386 nomisma
972 1354 1164 1397 Philippos
1195 1355 1324 1398 accipe
1356 1359 1413 1388 tot
1443 1365 1611 1397 numero,
1647 1359 1736 1398 quot

201 1396 272 1429 duo
298 1397 509 1439 Geryones'

200 1547 472 1574 TESTIMONIA.

199 1605 398 1641 Leidensis
428 1606 481 1641 ad
502 1604 610 1641 Ouid.
634 1617 754 1641 amor.
778 1605 791 1640 l
821 1605 970 1639 diducta
990 1618 1015 1652 y
1040 1602 1250 1657 [Monlep]
1351 1607 1431 1644 226
1464 1619 1508 1644 eo
1539 1619 1614 1644 rom
1646 1619 1734 1644 uen-

201 1667 316 1696 [nram
349 1661 427 1710 Εγ
448 1673 465 1696 ε
487 1661 508 1696 λ
537 1674 626 1698 uar.
655 1656 748 1708 (π’σ
769 1675 792 1698 α
821 1675 845 1710 9
867 1675 889 1698 r
917 1669 949 1697 et
977 1662 1116 1710 Fran.)
1147 1664 1232 1699 item
1267 1663 1343 1699 sore
1377 1670 1570 1700 uenturum
1602 1665 1667 1700 1³1
1692 1660 1731 1699 λ’

198 1717 239 1764 (d
258 1730 283 1753 υ
305 1723 337 1752 et
356 1716 397 1767 β)
514 1717 595 1754 228
628 1719 794 1754 Arcessas
823 1731 847 1767 y
867 1720 906 1755 F
925 1715 993 1755 λέ
1016 1715 1067 1763 ς”
1100 1722 1248 1756 Acersas
1279 1721 1318 1757 Ε
1337 1731 1349 1757 1
1380 1726 1421 1757 uc
1452 1721 1528 1758 uid.
1560 1722 1731 1758 Accersas

199 1775 238 1810 E
255 1786 271 1810 2
299 1779 342 1811 ul
370 1775 447 1811 uid.
478 1774 513 1821 (6
533 1787 559 1810 υ
589 1781 621 1809 et
648 1786 676 1809 π
696 1774 749 1822 2);
773 1776 899 1812 schol.
923 1775 961 1810 Γ
986 1778 1166 1823 interpol.
1201 1775 1284 1826 (om.
1317 1778 1400 1814 cod.
1429 1777 1487 1826 y).·
1526 1776 1732 1812 ‘Discretio

199 1831 297 1864 inter
327 1842 475 1864 accerso
508 1837 544 1865 et
573 1843 722 1865 arcesso
756 1832 881 1878 h(a)ec
912 1837 986 1866 est:
1018 1844 1167 1867 accerso
1198 1846 1229 1869 s.
1262 1845 1352 1867 uoco
1381 1839 1418 1868 et
1438 1833 1543 1868 uenit
1575 1845 1596 1867 a
1618 1833 1732 1868 uerbo

199 1887 296 1933 quod
328 1893 385 1920 est
405 1888 524 1931 accio,
557 1888 673 1931 accis,
706 1889 805 1934 quod
837 1892 895 1922 est
914 1892 1105 1936 quart(a)e
1135 1890 1429 1935 coniugationis3
1460 1901 1610 1936 arcepso
1638 1890 1733 1924 idem

198 1943 383 1988 significat
413 1945 512 1989 quod
543 1950 580 1978 et
610 1945 831 1990 primitiuum
859 1946 940 1979 eius
971 1958 990 1979 a
1022 1958 1095 1991 quo
1117 1947 1309 1980 deriuatur
1340 1947 1390 1980 -i-
1424 1959 1543 1982 arceo.
1575 1947 1642 1981 sed
1671 1959 1731 1982 se-

198 2001 354 2034 cundum
385 2001 615 2035 Priscianum
653 2013 803 2036 arcesso
844 2002 947 2036 uenit
977 2003 1021 2036 ab
1052 2003 1151 2037 arcio
1183 2003 1280 2049 quod
1321 2015 1419 2037 nunc
1448 2004 1602 2038 dicimus
1633 2004 1731 2038 accio

198 2062 235 2091 et
264 2062 322 2091 est
351 2058 589 2103 compositum
621 2070 665 2092 ex
695 2058 741 2092 ad
772 2063 809 2093 et
839 2059 894 2093 cio
925 2059 1023 2104 quod
1055 2065 1113 2094 est
1143 2071 1253 2103 uoco,
1295 2060 1382 2106 quia
1418 2060 1559 2106 antiqui
1592 2071 1634 2094 ar
1664 2072 1730 2106 pro

197 2114 239 2147 ad
273 2114 465 2149 dicebant'
496 2115 558 2162 (sic
588 2116 670 2152 cod.
695 2114 745 2163 E)
832 2115 912 2153 229
941 2116 1003 2152 Set
1023 2128 1047 2165 γ
1078 2116 1147 2153 Sed
1170 2121 1257 2153 cett.
1284 2129 1308 2160 ς
1324 2116 1352 2164 (l
1371 2128 1409 2163 23
1432 2120 1444 2154 l
1468 2127 1479 2154 1
1502 2129 1578 2154 non
1597 2114 1728 2167 liquet)

196 2167 308 2218 Pph!
378 2182 488 2220 opere
510 2173 548 2208 Ε
565 2184 596 2219 φ
619 2168 657 2207 λ’
742 2173 903 2220 precium
926 2173 964 2209 E
982 2172 1002 2207 λ
1023 2185 1040 2210 ε
1118 2173 1238 2219 qualis
1265 2186 1290 2220 y
1313 2169 1379 2224 [π]
1414 2173 1537 2222 quales
1558 2169 1674 2216 Ω’ς’

198 2228 279 2265 230
301 2227 452 2264 habeant
472 2240 496 2277 γ
573 2228 668 2262 bello
689 2237 712 2264 σ
725 2239 752 2275 y
776 2224 896 2278 [Lz'ps.
917 2241 980 2276 pr.
1004 2230 1237 2277 Montepess.
1254 2227 1342 2280 pr.]
1365 2266 1375 2270 ,
1424 2230 1504 2284 231
1527 2227 1632 2279 p0&e
1653 2224 1675 2266 λ

198 2297 262 2321 uu.
298 2284 538 2322 232-270
567 2287 635 2321 del.
670 2285 877 2332 Gruppeus
994 2285 1073 2324 232
1107 2286 1176 2322 Gra
1198 2300 1206 2322 :
1229 2299 1238 2322 ε
1261 2300 1270 2323 :
1292 2286 1460 2323 alexandr
1482 2299 1490 2323 :
1513 2299 1522 2323 :
1552 2298 1570 2323 ε
1658 2298 1729 2324 ma·

197 2337 290 2391 gno]
326 2341 463 2386 Magno
494 2343 679 2379 editorum
704 2343 885 2390 plerique
915 2355 997 2389 opp.
1020 2344 1240 2380 Doederlin.
1273 2345 1383 2391 epist.
1415 2343 1443 2379 11
1468 2355 1511 2391 p.
1537 2343 1588 2380 77
1619 2349 1653 2378 et
1681 2347 1728 2390 cs.

196 2409 227 2434 s.
259 2398 286 2433 ll
318 2398 365 2446 3,
396 2397 450 2435 45
481 2409 563 2446 sq..·
602 2398 713 2432 ‘haec
744 2399 921 2443 populos,
962 2401 1049 2433 haec
1089 2409 1276 2444 magnos
1307 2400 1463 2433 formula
1494 2411 1635 2444 reges
1666 2411 1727 2434 ex-

197 2459 302 2498 cepto
335 2454 503 2500 sapiente
532 2456 661 2489 tenet'
693 2461 726 2490 et
755 2456 898 2492 Auson.
932 2457 1041 2504 epist.
1076 2456 1149 2503 16,
1181 2456 1224 2493 3:
1257 2454 1434 2502 ecumque
1465 2468 1533 2501 ego
1565 2455 1727 2490 imitatus

197 2511 262 2544 sim
294 2511 483 2545 uesaniam
514 2511 694 2552 Choerili,
725 2516 765 2545 tu
797 2512 970 2556 ignoscas
1000 2512 1387 2557 magnanimitate
1418 2513 1639 2547 Alexandri’

194 2563 275 2617 ille]
306 2568 359 2601 illi
389 2568 673 2616 Peerlkampus
702 2570 755 2605 ad
783 2574 859 2606 art.
886 2574 989 2617 poet.
1014 2568 1118 2615 3573
1149 2569 1187 2606 ill
1210 2583 1218 2606 :
1241 2582 1250 2605 :
1273 2581 1290 2606 ε
1383 2569 1464 2607 233
1496 2569 1685 2606 Choerilus
1707 2581 1725 2605 ε

195 2645 233 2693 (a
255 2660 278 2694 9
299 2660 321 2683 r
341 2654 374 2682 ec
395 2644 540 2696 Fran.)
573 2646 736 2684 cherilus
766 2660 790 2696 y
820 2647 856 2695 (σ
876 2647 914 2696 υ)
945 2648 1146 2685 onom-mus
1178 2647 1282 2695 met
1300 2646 1340 2698 β)
1371 2630 1559 2684 choerncls
1590 2647 1666 2684 Fi
1687 2647 1729 2696 (α

195 2709 228 2737 et
248 2703 370 2751 Lz'ps.)
400 2703 588 2741 Choerilos
618 2701 658 2740 λ’
681 2700 756 2751 (π’)
783 2705 913 2741 Bentl.·
1001 2701 1057 2755 et]
1089 2717 1131 2739 ac
1159 2718 1185 2753 y
1310 2704 1392 2742 234
1422 2703 1574 2740 Renum
1603 2717 1628 2753 y
1647 2705 1686 2741 F
1704 2703 1725 2740 λ

195 2771 212 2794 ε
233 2764 273 2795 ul
295 2762 371 2796 uid.
393 2757 488 2808 (π’(ι
511 2774 533 2796 ν
560 2767 594 2796 et
614 2759 754 2807 Fran.)
781 2761 880 2808 Pph.
910 2762 1054 2809 Porple.
1088 2761 1222 2798 Retulit
1254 2761 1292 2797 E
1308 2760 1347 2808 (6
1367 2763 1394 2797 d
1409 2772 1433 2807 9
1453 2763 1468 2797 l
1487 2773 1513 2796 υ
1534 2766 1567 2795 et
1586 2759 1627 2810 β)
1654 2761 1720 2809 Ps.

194 2817 304 2863 Porf.
366 2819 539 2853 nomisma
560 2812 665 2861 52‘3'
684 2817 732 2865 (et
746 2816 787 2867 β)
811 2817 954 2865 Porple.
976 2831 1071 2854 cons.
1088 2819 1270 2865 pandect.
1294 2818 1508 2854 Florentin.
1530 2817 1724 2855 Ausonius

196 2872 370 2906 numisma
390 2886 415 2909 v
436 2885 452 2909 2
472 2886 497 2921 y
515 2871 657 2923 [Fran.
683 2886 769 2911 cum
791 2871 897 2924 aliis]
921 2875 1032 2922 Porf.
1113 2874 1295 2922 philippus
1317 2884 1370 2923 γι
1392 2874 1548 2922 philipos
1571 2875 1609 2910 E
1622 2873 1641 2909 λ
1654 2886 1721 2921 pr.
