1890 3106
773 123 856 149 Lm.
879 123 894 149 1
922 122 957 156 3,
982 122 1085 148 11-34
1618 106 1700 148 211

277 235 420 288 frigida
452 248 642 276 curarum
672 235 848 282 fomenta
878 234 1108 287 relinquere
1139 247 1298 287 posses:

277 323 356 364 quo
388 316 426 351 te
457 309 638 351 caelestis
668 310 862 362 sapientia
893 309 1077 355 duceret,
1110 309 1202 349 ires.

276 385 353 425 hoc
384 397 504 437 opus,
536 385 612 424 hoc
641 383 816 423 studium
848 384 964 436 parui
992 371 1255 436 properemus
1286 388 1326 422 et
1355 382 1495 435 ampli,

278 460 313 499 si
344 460 494 511 patriae
524 458 728 504 uolumus,
761 458 795 497 si
826 456 940 497 nobis
971 457 1110 497 uiuere
1141 457 1234 496 cari.

278 533 402 573 debes
432 533 508 572 hoc
539 532 658 572 etiam
689 530 936 577 rescribere,
969 532 1020 571 sit
1049 530 1122 570 tibi
1153 543 1272 570 curae
1660 537 1704 568 30

278 613 447 660 quantae
478 599 691 646 conueniat
720 605 937 651 Munatius,
970 617 1020 645 an
1051 604 1153 644 male
1184 610 1289 644 sarta

276 682 401 734 gratia
430 681 668 734 nequiquam
699 680 779 719 coit
809 684 848 720 et
877 678 1121 719 rescinditur
1152 692 1197 718 ac
1228 689 1301 718 uos

275 768 345 796 seu
376 754 528 796 calidus
554 748 721 807 'sanguis
752 767 822 794 seu
855 766 990 793 rerum
1021 753 1177 793 inscitia
1208 758 1325 792 uexat

277 829 470 870 indomita
501 829 660 869 ceruice
690 828 820 868 feros?
852 826 1095 879 ubicumque
1126 826 1305 867 locorum

163 1038 425 1066 TESTIMONIA

251 1105 296 1138 28
321 1114 375 1146 sq.
407 1104 566 1137 Ioannes
595 1101 842 1135 Victoriensis
872 1111 907 1143 p.
933 1101 998 1133 271
1025 1101 1066 1133 Β.
1199 1101 1243 1133 28
1274 1100 1420 1142 “parui
1445 1102 1702 1142 properemus’

160 1152 202 1183 ut
228 1160 246 1182 e
273 1150 457 1183 contrario
483 1147 638 1190 ‘ampli’
666 1147 802 1180 diuites
829 1146 1037 1179 dicuntur„
1065 1146 1181 1179 schol.
1206 1145 1346 1188 Vergil.
1372 1145 1491 1188 eclog.
1519 1147 1550 1188 7,
1577 1147 1621 1179 29

161 1197 205 1230 29
231 1195 278 1229 cf.
306 1195 452 1229 ecbasis
478 1194 620 1237 captiu.
647 1204 681 1226 u.
707 1194 791 1226 516:
831 1193 886 1226 ‘si
909 1192 1078 1225 uolumus
1103 1192 1225 1234 genti,
1258 1191 1291 1225 si
1315 1192 1423 1224 nobis
1447 1192 1577 1224 uiuere
1604 1192 1702 1224 cari’

253 1242 400 1275 31—35
427 1241 533 1273 ‘Heu
557 1239 652 1272 male
679 1242 787 1281 part-a
810 1257 856 1263 -
880 1238 1041 1271 Diuitis'
1070 1237 1228 1280 florileg.
1254 1237 1486 1270 Nosti-adam.
1581 1239 1623 1270 31
1650 1249 1703 1280 sq.

161 1288 408 1330 Hieronymus
434 1289 563 1319 contra
587 1284 775 1317 Rusfinum
798 1285 817 1317 I
835 1286 851 1316 1
880 1282 1050 1327 [Vallars.
1076 1283 1115 1316 ΙΙ
1137 1284 1204 1316 459
1216 1282 1262 1325 bl:
1290 1282 1471 1315 ‘Flaccus
1497 1293 1641 1326 quoque
1666 1285 1703 1315 in

163 1332 324 1376 epistola
350 1343 459 1375 quam
491 1331 618 1364 scribit
642 1331 689 1363 ad
713 1330 881 1363 Florum:
913 1329 1026 1370 male,
1061 1329 1134 1371 ait,
1165 1332 1268 1361 sarta
1300 1329 1422 1371 gratia
1452 1328 1702 1372 nequidquam

163 1379 238 1413 coit
264 1381 302 1412 et
325 1377 567 1411 rescinditur’
708 1378 751 1410 32
778 1376 826 1408 cf.
854 1375 1051 1408 Petronius
1077 1376 1160 1408 113:
1192 1374 1324 1407 ‘credo
1348 1374 1508 1416 ueritus,
1534 1385 1580 1408 ne
1606 1375 1704 1408 inter

162 1425 273 1457 initia
299 1424 468 1457 coeuntis
493 1423 636 1466 gratiae
663 1425 850 1455 recentem
876 1421 1091 1454 cicatricem
1115 1420 1365 1453 rescinderet’

159 1621 288 1651 VARIA
317 1620 486 1648 LEOTIO·

158 1703 240 1726 nem
269 1684 348 1725 cum
379 1691 466 1726 aliis
493 1690 604 1726 libris
634 1695 708 1723 tum
738 1694 773 1724 et
789 1688 976 1736 floril69i0
1001 1686 1324 1723 Nostradamensz·
1351 1686 1523 1721 traditum
1553 1687 1704 1721 retinere

160 1749 348 1783 maluimus
377 1759 474 1783 cons,
503 1738 665 1793 Porph,'
761 1744 813 1782 26
852 1747 1035 1778 tormenta
1063 1744 1154 1780 com‘.
1187 1743 1302 1779 Iones
1389 1755 1427 1780 u.
1461 1742 1514 1783 27
1547 1746 1652 1780 omis.
1683 1756 1701 1780 ε

156 1818 221 1853 pr.
332 1804 383 1841 27
417 1803 582 1840 caelestis
612 1798 687 1839 52⁰
719 1801 877 1836 celestes
906 1802 1071 1850 floriley.
1106 1801 1356 1837 Nostradam.
1472 1801 1651 1849 sapiencia
1682 1800 1702 1836 λ

926 1862 1060 1890 ‘l'uolum'

275 1906 328 1944 29
360 1907 476 1955 patrie
506 1918 530 1955 y
551 1904 571 1940 λ
670 1903 841 1940 uulumus
873 1914 889 1939 ε
920 1903 1086 1949 cupimus
1116 1908 1142 1939 v)
1171 1915 1253 1949 opp.
1285 1899 1397 1950 Pph!
1424 1905 1591 1952 florileq.
1625 1904 1701 1941 No-

160 1966 346 2003 stradam.
369 1964 508 2014 Ioann.
542 1962 769 2000 Victor-iens.
873 1960 952 1994 kari
974 1972 998 1995 v
1018 1972 1042 2008 9
1066 1955 1209 2010 [Basil.
1231 1955 1480 2010 Petropoln]
1570 1960 1624 1998 30
1654 1962 1702 1997 sit

160 2014 211 2059 A‘
233 2023 272 2059 E
288 2034 311 2071 γ
332 2018 371 2058 F
388 2016 429 2056 λ’
450 2032 468 2057 ε
490 2017 514 2056 δ
534 2031 551 2057 2
574 2015 626 2064 ς”
658 2018 705 2066 (et
736 2030 832 2056 omn.
866 2019 974 2055 codd.
1011 2015 1142 2066 Cruq.)
1172 2014 1286 2064 Pplz!
1316 2011 1479 2064 Porph!
1507 2019 1622 2066 qloss.
1648 2016 1702 2060 F,-

160 2080 192 2117 si
222 2076 246 2116 ὃ
269 2079 337 2116 1Α
362 2090 405 2126 p.
435 2089 516 2115 ras.
546 2090 592 2126 y,·
623 2076 694 2124 sit⁷
725 2082 739 2110 t
769 2078 806 2113 in
838 2086 920 2111 ras.
953 2087 998 2111 ν.·
1028 2086 1117 2121 ergo
1149 2074 1199 2108 sit
1231 2086 1252 2109 ν
1284 2084 1315 2120 1,
1350 2074 1381 2107 si
1411 2086 1435 2108 ν
1466 2085 1504 2121 2,
1535 2075 1582 2111 sit
1612 2087 1635 2110 ν
1664 2084 1702 2116 3,·

162 2136 195 2171 si
224 2135 292 2170 tibi
323 2147 434 2169 curae
466 2138 524 2168 est
554 2135 682 2171 Bentl.
716 2146 759 2168 ex
788 2133 1002 2169 coniectura.
1042 2130 1171 2165 ‘deest
1201 2143 1268 2175 an,
1310 2135 1352 2164 ut
1381 2130 1430 2164 sit
1460 2142 1616 2167 sensus:
1655 2143 1700 2165 an

161 2193 211 2227 sit
239 2192 307 2227 tibi
337 2203 447 2226 curae
468 2189 686 2225 Munatius'
707 2185 868 2238 Porph.'
955 2200 1041 2226 cure
1062 2187 1083 2224 λ
1162 2188 1213 2226 31
1237 2187 1377 2233 Quante
1398 2187 1432 2223 Α
1450 2187 1470 2223 λ
1492 2185 1516 2224 ὃ
1538 2198 1551 2224 1
1582 2188 1701 2229 Quam

161 2255 197 2284 te
227 2251 407 2287 Muretus
493 2243 723 2298 conuenissss
750 2247 783 2284 Α
814 2247 986 2283 conuenit
1007 2246 1045 2282 E
1056 2258 1122 2293 pr.
1145 2243 1198 2293 (a)
1293 2245 1467 2279 minatins
1499 2257 1523 2281 ν
1553 2258 1577 2282 a
1611 2256 1623 2281 1
1654 2245 1702 2291 (et

161 2319 190 2343 π
218 2304 295 2356 pr.)
326 2306 504 2340 minacius
534 2308 558 2354 9
579 2304 626 2353 (ct
645 2303 766 2352 Lips.)
797 2304 982 2338 numatius
1013 2316 1038 2339 v
1058 2316 1084 2351 y
1172 2302 1224 2340 32
1258 2302 1380 2339 Gracia
1411 2302 1444 2338 A
1467 2312 1487 2339 ε
1573 2303 1700 2350 nequi-

162 2376 267 2414 quam
300 2365 338 2400 E
352 2375 376 2413 γ
398 2374 411 2400 1
432 2364 470 2399 F
488 2358 526 2397 λ’
549 2359 572 2398 δ
594 2374 612 2399 ε
633 2361 672 2408 (ν
691 2369 714 2396 σ
735 2374 759 2398 α
780 2374 803 2398 r
822 2372 839 2398 2
859 2374 884 2397 υ
904 2367 938 2396 et
958 2359 983 2410 β
1004 2359 1046 2408 π)
1067 2356 1182 2408 ΡρΙι.’
1212 2355 1375 2407 Porph!
1406 2360 1646 2409 nequicquam
1667 2359 1700 2396 Α

159 2434 184 2473 γ
204 2433 221 2459 2
251 2420 298 2469 (et
319 2422 443 2459 Fran.
471 2418 592 2468 Lips.)
621 2420 785 2468 florileg).
808 2419 1056 2467 Nostradam.
1089 2417 1328 2494 {nequitquam
1357 2429 1382 2466 9
1413 2429 1459 2450 ne
1490 2413 1700 2467 quissquam

161 2513 185 2538 r
284 2501 385 2550 cogit
415 2513 439 2549 γ
548 2510 590 2536 ac
614 2494 688 2535 Ω,”
718 2494 773 2542 ς”
802 2499 891 2546 flor.
922 2498 1054 2535 Nostr.
1086 2477 1127 2532 ato
1153 2510 1178 2533 v
1205 2509 1231 2546 9
1260 2501 1297 2533 at
1324 2508 1351 2544 y
1383 2508 1414 2532 ω
1452 2503 1536 2533 ante
1566 2497 1695 2534 Bentl.

276 2557 329 2596 33
361 2557 433 2594 Seu
465 2585 474 2593 .
509 2588 517 2596 .
551 2584 560 2593 .
591 2567 655 2592 seu
686 2566 742 2605 72
772 2565 972 2602 superscr.
995 2553 1045 2603 (6)
1063 2566 1090 2602 y
1112 2551 1302 2605 [Gronou.
1327 2564 1340 2590 1
1361 2554 1591 2595 Zalichem.;
1623 2553 1697 2587 Seu

161 2616 265 2651 etiam
296 2616 476 2652 mimator
514 2615 597 2651 cod.
628 2614 758 2650 Paris.
791 2608 922 2662 8214]
956 2625 986 2649 ω
1019 2608 1180 2662 [Venet.
1217 2607 1344 2661 1481]
1378 2610 1457 2647 Heu
1495 2639 1504 2647 .
1539 2639 1548 2648 .
1582 2638 1592 2647 .
1628 2611 1699 2647 heu

161 2668 235 2709 52⁰
260 2668 311 2716 ς”
344 2671 392 2718 (et
422 2683 519 2708 omn.
549 2668 709 2716 Biana.)
739 2669 822 2703 Heu
857 2695 865 2703 .
900 2694 908 2702 .
942 2694 951 2703 .
985 2673 1022 2703 et
1048 2671 1211 2718 floriley.
1245 2669 1493 2706 Nostradam.
1527 2671 1592 2701 aut
1622 2693 1631 2701 .
1656 2693 1665 2701 .
1689 2694 1697 2702 .

162 2732 227 2764 aut
253 2730 438 2775 interpret.
476 2728 596 2765 schol.
628 2739 645 2763 ε
682 2739 778 2763 cons.
808 2727 923 2764 schol.
957 2726 997 2762 Γ
1104 2723 1246 2775 rerum]
1288 2725 1368 2759 ueri
1403 2725 1529 2771 suspic.
1571 2725 1696 2762 Bentl.

162 2798 243 2833 opp.
263 2788 425 2834 floriley.
451 2785 695 2822 Nostradam.
774 2784 938 2820 insciscia
959 2795 977 2820 ε
1007 2814 1010 2816 ,
1063 2788 1178 2820 uexat
1200 2784 1238 2819 E
1267 2786 1393 2816 uersat
1410 2793 1437 2829 y
1520 2781 1573 2819 34
1595 2782 1699 2819 ferox

161 2855 185 2892 γ
217 2853 230 2879 1
316 2838 500 2893 locorum]
532 2841 696 2878 colorum
727 2840 760 2876 Α
