1890 3106
193 134 277 176 282
714 146 877 174 ‘HORA'PI
906 145 1199 174 EPISTVLARVM

309 259 426 299 odisti
458 258 584 298 clauis
616 263 656 298 et
684 263 793 309 grata
826 257 950 309 sigilla
983 258 1145 310 pudico,

308 334 445 385 paucis
477 332 632 372 ostendi
663 333 790 384 gemis
821 337 860 372 et
891 333 1114 372 communia
1146 331 1300 379 laudas,

309 419 386 445 non
420 407 471 445 ita
504 407 687 446 nutritus.
749 406 841 457 suge
873 417 950 456 qno
982 405 1223 447 descendere
1254 407 1401 457 gestis:
1706 414 1727 445 5

309 493 387 520 non
421 481 497 519 erit
528 481 673 520 emisso
705 479 857 520 reditus
888 479 971 519 tibi.
1034 480 1151 530 ‘quid
1183 481 1308 520 miser
1339 481 1424 531 egi?

308 554 402 607 quid
434 553 597 594 uolui?’
629 554 756 600 dices,
790 554 858 593 ubi
890 553 982 607 quid
1016 558 1053 594 te
1083 553 1244 595 laeserit
1275 560 1314 594 et
1344 555 1422 593 scis

312 630 352 667 in
385 628 509 668 breue
541 633 578 667 te
610 629 718 679 cogi,
751 640 840 668 curn
874 627 1016 680 plenus
1047 627 1209 680 languet
1239 634 1404 668 amator.

305 701 447 755 quodsi
481 715 559 742 non
592 702 682 742 odio
714 702 915 754 peccantis
947 701 1093 754 desipit
1122 713 1268 753 augur,

307 789 423 815 carus
455 777 534 815 eris
565 776 733 825 Romae,
767 776 893 816 donec
924 780 962 815 te
993 776 1151 815 deserat
1181 782 1308 821 aetam
1685 783 1728 814 10

305 856 574 890 contractatus
606 850 672 889 ubi
705 848 885 889 inanibus
916 849 1149 893 sordescere
1181 850 1287 901 uolgi

312 925 516 976 coeperis,
550 930 618 963 aut
648 925 773 963 tineas
804 935 942 975 pasces
974 924 1193 963 taciturnus
1223 924 1382 969 inertis,

313 1003 380 1037 aut
411 998 537 1048 fugies
563 998 711 1037 Vticam
743 1003 808 1037 aut
839 998 997 1037 uinctus
1028 997 1196 1037 mitteris
1227 997 1410 1037 Ilerdam.

196 1153 468 1181 TESTIMONIA.

288 1208 304 1240 I
323 1209 376 1240 20.
412 1209 452 1239 12
477 1207 568 1240 imit.
588 1206 748 1241 Martial.
767 1208 817 1240 VI
836 1208 891 1248 60,
912 1209 930 1240 7
951 1217 1022 1250 sq.:
1048 1211 1171 1250 ‘quam
1197 1207 1302 1240 multi
1320 1207 1438 1241 tineas
1457 1210 1616 1251 pascunt
1634 1208 1732 1242 blat-

196 1257 325 1296 tasque
353 1253 505 1294 diserti,
533 1256 570 1285 et
595 1252 778 1285 redimunt
804 1253 873 1285 soli
899 1254 1065 1285 carmina
1091 1253 1203 1286 docta
1229 1254 1307 1285 coci
1325 1256 1335 1272 ⁵
1431 1256 1472 1287 13
1498 1253 1612 1287 schol.
1630 1254 1732 1288 Pers.

196 1302 232 1339 1,
258 1301 322 1331 43:
355 1302 442 1341 ‘per
467 1299 652 1331 scombros
677 1309 764 1341 ergo
791 1298 976 1341 significat
1002 1299 1324 1338 salsamentarios‚
1351 1309 1417 1341 per
1442 1302 1503 1332 tus
1529 1301 1732 1343 pigmenta-

194 1345 278 1379 rios.
319 1344 388 1377 hoc
416 1347 452 1376 et
480 1345 658 1376 Horatius
682 1344 719 1376 in
745 1344 843 1376 lib.l
872 1345 980 1386 epist.
1004 1344 1112 1376 dicit:
1145 1347 1210 1377 aut
1236 1344 1358 1386 fugies
1376 1346 1524 1378 Vticam
1561 1348 1626 1378 aut
1654 1345 1734 1377 uin-

195 1394 274 1422 ctus
300 1391 413 1427 (nunc
439 1394 496 1422 tus
523 1389 618 1430 cod.)
652 1390 810 1422 mitteris
836 1390 1016 1422 Ilerdam’
1051 1390 1098 1422 cf.
1132 1390 1279 1422 ecbasis
1312 1391 1452 1433 captiui
1476 1400 1511 1422 u.
1537 1390 1640 1424 1118:
1673 1393 1735 1423 ‘et

196 1435 327 1468 famuli
352 1446 509 1478 nequam
535 1436 653 1468 uincti
676 1435 874 1468 mittantur
898 1435 1070 1468 Ylerdam
1088 1438 1097 1453 '

193 1574 323 1603 VARIA
352 1573 520 1601 12130'1210.

309 1627 458 1668 SEU:
485 1627 537 1667 A'
567 1630 612 1678 (A
634 1630 673 1678 α)
696 1632 774 1680 Εγ
794 1632 832 1667 F
851 1627 890 1670 ὅ
921 1630 956 1677 (λ
977 1630 1003 1679 ἱ)
1033 1643 1071 1673 ε;
1102 1626 1159 1674 ς”
1181 1645 1239 1663 =
1268 1636 1335 1667 aut
1363 1643 1460 1668 omn.
1491 1632 1598 1668 codd.
1627 1626 1674 1681 β’
1694 1629 1736 1681 (β

194 1687 336 1735 Fran.)
358 1683 405 1722 π’
428 1687 471 1733 (π
491 1688 610 1735 Lips.)
634 1696 657 1723 σ
678 1689 704 1725 d
720 1701 744 1736 9
765 1700 787 1723 r
807 1700 832 1723 υ
854 1688 891 1735 (α
913 1688 940 1734 l)
962 1693 1029 1724 aut
1050 1689 1186 1724 horum
1209 1689 1316 1724 codd.
1341 1699 1386 1724 ea
1402 1699 1507 1735 pars
1527 1699 1580 1725 ex
1599 1688 1735 1737 quibus

197 1757 271 1782 non
304 1746 405 1781 aliae
434 1746 620 1781 lectiones
650 1746 859 1789 uolantum
891 1756 914 1788 ς
940 1759 997 1776 =
1027 1750 1095 1781 aul
1126 1756 1224 1781 omn.
1257 1746 1365 1781 codd.
1397 1753 1420 1779 6
1447 1746 1474 1781 d
1496 1757 1521 1793 9
1550 1757 1571 1780 r
1591 1757 1617 1780 v
1646 1744 1684 1791 (a
1704 1743 1732 1791 l)

199 1806 267 1838 aut
297 1803 432 1838 horum
465 1789 572 1837 cozfd.
607 1812 651 1838 ea
681 1812 781 1849 pars
812 1812 864 1838 ex
895 1802 1032 1849 quibus
1062 1813 1136 1838 non
1169 1803 1485 1851 aliaeulectiones
1514 1805 1702 1838 notantur

308 1870 505 1905 sossiorun]
537 1881 554 1905 ε
642 1869 796 1905 mundus
827 1865 879 1904 A'
898 1869 935 1905 E
953 1881 975 1917 γ
998 1865 1093 1912 ε·ς”
1115 1861 1226 1916 1>ka
1258 1869 1376 1905 nudus
1397 1870 1436 1906 F
1451 1865 1492 1906 λ’
1513 1868 1566 1917 (υ)
1586 1871 1624 1905 in
1649 1869 1687 1905 F
1703 1867 1735 1916 (l

196 1923 231 1976 [2
252 1922 303 1975 ?])
325 1937 523 1972 superscr.
544 1927 560 1961 i
582 1926 756 1967 mundus;
788 1937 907 1970 purus
925 1937 952 1972 9
974 1930 1018 1972 cs.
1055 1926 1163 1963 Om'd.
1187 1928 1284 1962 trist.
1308 1925 1350 1962 ΙΙΙ
1375 1927 1412 1972 1,
1437 1926 1487 1963 13
1509 1937 1592 1974 .‹›·q.:>
1620 1923 1733 1971 ‘quod

197 1994 315 2028 neque
347 1994 427 2016 sum
457 1983 566 2017 cedro
598 1982 720 2016 flauns
753 1994 818 2016 nec
849 1983 990 2028 pumice
1021 1982 1137 2024 leuis,
1170 1983 1300 2017 erubui
1322 1982 1466 2016 domino
1488 1982 1622 2016 cultior
1651 1993 1735 2016 esse
1768 2007 1771 2010 -

196 2038 297 2073 meo'
388 2040 411 2077 3
444 2039 554 2076 clauis
578 2037 629 2076 A'
646 2041 684 2076 E
701 2053 724 2090 y
745 2039 782 2088 (9
803 2045 835 2074 et
856 2038 899 2087 π)
929 2038 1050 2076 claues
1072 2040 1109 2075 F
1126 2035 1193 2076 λέ
1216 2034 1255 2083 ς’
1281 2035 1393 2086 ΡρΙι.’
1487 2037 1513 2075 4
1535 2039 1687 2087 gemmis
1707 2050 1731 2087 γ

307 2096 431 2132 laudes
455 2093 495 2132 λ’
597 2096 621 2133 5
653 2093 744 2147 quo]
779 2096 875 2144 quod
898 2097 930 2132 Α
950 2108 974 2144 γ
1005 2096 1321 2143 (quodescendere
1353 2095 1390 2143 a)
1486 2095 1678 2129 discedere
1704 2107 1731 2143 y

198 2150 238 2202 [1
265 2155 347 2190 cod.
370 2153 477 2190 Feae
499 2153 629 2190 Nostr.
663 2150 770 2204 uar.]
795 2165 825 2189 ω
857 2152 1081 2187 descendere
1113 2154 1215 2189 etiam
1247 2165 1345 2190 omn.
1379 2154 1487 2190 codd.
1520 2151 1680 2200 Cruquii

196 2211 219 2247 6
243 2209 370 2246 riditus
386 2211 422 2246 E
497 2209 560 2246 tibi
582 2211 686 2247 omis.
704 2212 736 2246 A
750 2222 813 2255 pr.
885 2209 963 2253 egi!
987 2211 1193 2256 interpung.
1217 2210 1486 2256 Doederlinus‚
1507 2210 1604 2246 idem
1625 2221 1664 2246 u.
1686 2209 1734 2247 '72

198 2266 319 2300 uolui!
431 2267 452 2303 7
487 2266 546 2302 uhi
577 2266 663 2314 quid
692 2263 831 2310 ,Ω”ς”
862 2268 961 2312 prob.
995 2268 1123 2303 Bentz.
1158 2266 1218 2302 ubi
1249 2267 1328 2314 quis
1359 2267 1392 2302 Α
1413 2277 1429 2302 2
1450 2278 1536 2302 nar.
1560 2264 1587 2312 (l
1607 2276 1624 2302 2
1643 2265 1686 2314 v)
1704 2275 1732 2312 y

199 2320 341 2373 [Basil.
365 2323 377 2359 l
401 2323 633 2360 Sorbonens.
656 2334 673 2359 2
698 2324 843 2360 Valent.
876 2319 1041 2373 Zuliclz]
1076 2323 1138 2357 ubi
1167 2322 1231 2368 qui
1259 2336 1283 2371 9
1388 2322 1513 2359 leserit
1542 2322 1576 2357 A
1601 2323 1636 2359 Ε

195 2382 219 2417 8
251 2391 332 2416 cum
362 2380 491 2428 plenus
509 2376 585 2416 „Q”
605 2376 658 2423 ς”
679 2380 812 2425 plenus
835 2391 913 2413 cum
932 2390 959 2426 9
982 2380 1110 2417 Bentl.
1201 2379 1225 2416 9
1255 2379 1407 2428 despicit
1429 2391 1446 2415 ε
1538 2379 1589 2416 10
1610 2378 1734 2412 Karna

195 2449 219 2472 v
241 2449 266 2484 9
289 2433 433 2487 [Basil.
457 2436 467 2472 l
488 2437 766 2484 Moncepessul.
786 2437 858 2484 sol.
884 2433 953 2487 3²²]
1066 2438 1134 2473 erit
1163 2436 1184 2472 λ
1202 2448 1265 2484 pr.
1355 2446 1455 2472 rome
1482 2434 1501 2470 λ
1588 2434 1734 2472 deserat

198 2489 247 2529 A'
263 2495 301 2530 E
318 2505 341 2542 γ
362 2495 400 2530 F
417 2493 436 2528 λ
460 2488 517 2536 ς”
539 2493 585 2540 (et
603 2496 617 2530 l
638 2493 757 2541 corr.)
790 2495 909 2530 schol.
928 2493 966 2528 Γ
991 2493 1127 2530 deserit
1149 2505 1165 2529 ε
1187 2493 1214 2540 (l
1231 2492 1310 2540 pr.)
1333 2493 1461 2529 Benll.
1495 2491 1644 2525 deseret
1656 2491 1687 2527 ’σ
1708 2504 1734 2528 v

194 2564 219 2598 y
250 2550 394 2584 deteret
414 2551 650 2588 Franckeus
740 2551 787 2586 11
813 2551 1077 2584 Contractatus
1107 2552 1120 2587 l
1143 2561 1152 2586 1
1174 2560 1201 2596 y
1225 2546 1459 2600 [Barcinon.
1495 2545 1731 2599 Valentiam]

196 2608 420 2640 Contractus
447 2619 472 2653 9
508 2617 519 2642 1
551 2603 740 2656 [Pccrisz'n.
773 2603 902 2657 8214]
945 2606 1145 2654 Contretat’
1177 2606 1366 2653 (ortumne
1398 2616 1449 2642 eoe
1480 2604 1732 2641 contractatus

195 2684 249 2689 ——
280 2663 570 2709 Contraetatus?)
601 2665 633 2700 A
663 2663 916 2700 Contrectatus
949 2668 1037 2700 cett.
1071 2659 1118 2706 ς’
1149 2663 1194 2709 (ει
1216 2661 1242 2712 β
1265 2665 1278 2700 l
1305 2658 1335 2709 2)
1375 2666 1606 2695 contractare
1636 2663 1735 2707 apud

196 2721 414 2757 Lucretium
436 2722 607 2769 aliosque
669 2720 764 2765 volgi
785 2731 808 2767 9
831 2726 871 2756 ut
889 2721 962 2756 uid.
989 2720 1089 2768 uulgi
1105 2717 1179 2756 52⁶
1198 2715 1242 2763 ς’
1257 2718 1373 2766 (uvlgi
1389 2717 1530 2764 Fran.)
1592 2717 1643 2754 12
1665 2717 1734 2754 Co*

197 2777 291 2824 peris
325 2771 373 2812 A'
472 2778 580 2817 tinias,
607 2778 645 2813 E
746 2788 876 2826 pasces
912 2778 946 2813 E
1030 2777 1165 2814 inertis,
1187 2778 1220 2812 A
1228 2771 1268 2825 ’γ
1290 2787 1307 2812 ε
1328 2774 1385 2823 (d)
1405 2787 1430 2822 9
1453 2772 1501 2823 [π
1523 2774 1732 2823 Βαηιὺενρ.

198 2856 314 2893 Gron.
338 2853 462 2906 Mela]
496 2858 629 2894 inertes
663 2858 699 2893 F
717 2852 813 2900 λ’ς’
851 2828 985 2893 i'r'uertes
1017 2857 1054 2892 Ε
1153 2855 1202 2893 13
1234 2855 1351 2903 fugias
1382 2853 1401 2889 λ
1431 2865 1495 2901 pr.
1584 2855 1726 2892 uinctus
