1820 3094
153 143 234 185 162
709 158 868 185 HORA'rI
899 158 1122 186 SERMONVM

261 273 466 308 uentumst
495 267 735 321 Aesquilias,
768 267 895 308 aliena
925 269 1085 320 negotia
1115 272 1275 309 centum

261 355 334 394 per
365 347 482 396 caput
513 347 552 381 et
582 343 686 382 circa
718 341 864 382 saliunt
893 341 1007 382 latus.
1069 345 1186 382 ‘ante
1215 341 1431 382 secundam

261 415 427 455 Roscius
458 415 596 455 orabat
626 415 702 455 sibi
733 415 892 456 adesses
922 416 971 456 ad
1001 415 1136 456 Puteal
1169 429 1266 456 cras.
1633 422 1676 454 35
1746 412 1749 416 '

260 488 309 527 de
339 502 384 528 re
415 491 615 529 communi
646 489 801 530 scribae
832 502 973 541 magna
1004 494 1120 542 atque
1152 502 1253 544 noua
1285 494 1322 529 te

261 562 428 602 orabant
458 563 576 602 hodie
607 564 874 609 meminisses,
907 563 1073 610 Quinte,
1106 564 1268 603 reuerti.

259 637 448 688 inprimat
478 638 560 683 his,
593 650 709 683 cura,
742 638 948 678 Maecenas
978 639 1089 689 signa
1119 637 1312 680 tabellis’.

260 709 425 757 dixeris,
460 712 661 764 experiar:
702 712 757 750 ‘si
786 712 867 757 uis,
899 712 1033 763 potes'
1066 711 1174 751 addit
1204 716 1243 750 et
1270 713 1402 750 instat.

260 780 451 835 septimus
483 789 625 824 octauo
656 786 819 837 propior
849 787 926 825 iam
960 785 1104 836 fugerit
1133 797 1282 831 annus,
1630 792 1677 823 40

259 869 305 895 ex
337 869 416 908 quo
447 857 653 898 Maecenas
684 871 748 898 me
779 859 910 910 coepit
939 858 1088 898 habere
1117 871 1279 898 suorum

259 930 296 969 in
328 943 515 981 numero,
549 932 754 971 dumtaxat
784 931 832 971 ad
859 931 955 977 hoc,
989 943 1105 982 quern
1137 931 1278 971 tollere
1309 931 1426 977 raeda

255 1003 376 1044 uellet
407 1006 483 1045 iter
513 1006 683 1051 faciens,
717 1010 755 1044 et
784 1006 848 1044 cui
880 1005 1126 1045 concredere
1157 1017 1283 1057 nugas

256 1077 332 1117 hoc
362 1090 508 1129 genus,
542 1079 663 1118 ‘hora
695 1083 813 1130 quota
845 1080 927 1119 est?
958 1079 1115 1119 Thraex
1146 1085 1205 1119 est
1236 1078 1388 1119 Gallina
1420 1079 1520 1132 Syro
1548 1081 1646 1132 par?

140 1239 411 1266 TESTIMONIA.

230 1294 275 1326 40
301 1294 447 1326 ecbasis
472 1294 614 1337 captiui
637 1305 674 1328 u.
700 1294 764 1326 182

140 1438 268 1466 VARIA
298 1439 463 1465 nmmo.

254 1501 306 1538 33
340 1502 528 1537 Ventumst
558 1502 619 1537 F1
651 1501 806 1537 Ventum
836 1506 892 1536 est
923 1497 1025 1537 cett!
1046 1501 1085 1537 F
1101 1511 1116 1536 2
1139 1497 1180 1544 ς’
1267 1502 1458 1550 aesquilias
1487 1516 1511 1553 γ
1531 1504 1569 1540 F
1592 1502 1630 1552 (σ
1649 1516 1673 1541 a

104 1618 107 1621 ,
140 1587 174 1616 et
204 1579 342 1627 Fran.)
373 1579 526 1628 equiiias
558 1579 578 1614 λ
618 1580 795 1626 esquilias
825 1582 840 1616 Z
867 1593 889 1615 r
918 1578 968 1628 (et
994 1577 1035 1628 β)
1066 1580 1242 1625 esquillas
1271 1593 1295 1629 9
1326 1581 1506 1659 exquilias
1535 1595 1562 1631 y

141 1649 227 1678 cum
248 1650 286 1674 u.
309 1636 363 1674 34
394 1637 567 1673 REDIT
594 1638 632 1673 E

725 1689 788 1730 ,SZ'
807 1707 864 1725 Ξ
895 1694 933 1729 Ε
949 1706 972 1743 γ
994 1694 1031 1730 F
1046 1689 1087 1729 λ’

225 1771 279 1809 34
301 1772 415 1820 capud
438 1773 476 1808 E
556 1768 767 1821 secundam]
797 1769 903 1819 sedas
933 1773 971 1808 E
1054 1771 1106 1809 35
1129 1771 1172 1807 ad
1193 1771 1317 1816 Puteal
1338 1769 1436 1823 eras]
1459 1771 1533 1819 quae‘t
1556 1778 1593 1808 te
1613 1787 1671 1808 re—

140 1829 237 1862 uerti
258 1830 388 1863 omissis
409 1841 472 1865 uu.
498 1829 550 1866 36
572 1840 628 1877 sq.
649 1842 675 1876 y
690 1825 870 1878 [Sorbon.
897 1829 1004 1866 1578
1024 1825 1107 1878 pru]
1199 1829 1252 1866 36
1274 1829 1390 1866 scribe
1412 1831 1450 1867 Ε
1523 1841 1621 1864 noua
1637 1833 1673 1867 te

138 1897 163 1932 y
188 1882 343 1935 [Reyz‘n.
365 1897 380 1921 2
414 1887 629 1923 Valentiam.
645 1882 681 1935 2]
705 1890 839 1919 nouate
858 1898 883 1933 9
899 1898 920 1920 r
938 1896 947 1921 1
964 1884 1010 1932 (et
1026 1882 1066 1933 β)
1088 1896 1184 1919 noua
1205 1890 1244 1933 te
1264 1895 1286 1920 6
1316 1892 1469 1923 nouatae
1489 1884 1617 1936 sz'
1634 1888 1672 1935 (a

139 1954 178 1979 n.
200 1945 226 1978 Ζ,
250 1955 272 1978 r
292 1954 308 1978 2
329 1949 362 1977 et
384 1942 521 1990 Fran.)
544 1953 679 1979 nouare
706 1942 740 1977 Ε
758 1954 855 1976 noua
875 1954 914 1975 re
936 1953 961 1989 y
984 1946 1146 1976 nouaute
1165 1954 1191 1989 y
1215 1938 1395 1991 [Sorbon.
1421 1940 1548 1994 1578]
1581 1945 1672 1979 ‘no-

140 2000 240 2046 Παίς]
278 1999 430 2033 Veteres
461 2000 558 2033 hunc
588 2010 711 2032 casum
740 1999 998 2033 indifferenter
1028 1999 1215 2043 ponebant
1249 2004 1383 2033 nouate
1413 2012 1480 2045 pro
1512 1998 1671 2035 nouata’

137 2057 250 2103 92088.
273 2054 312 2090 Γ
340 2054 491 2089 ‘Scribe
523 2060 559 2090 et
590 2061 724 2089 nouate
754 2055 890 2100 quibus
913 2055 1152 2100 sponderant
1182 2054 1320 2089 nouate
1348 2056 1411 2102 qui
1441 2061 1674 2091 nouauerant

139 2112 312 2148 debitum.
344 2113 442 2146 unde
464 2113 613 2146 nouatio
636 2124 714 2146 cum
737 2112 861 2146 eodem
882 2116 1072 2145 contractu
1097 2114 1269 2155 (tractatu
1292 2113 1417 2149 Fran.
1419 2114 1448 2160 )‚
1470 2117 1535 2147 aut
1555 2113 1671 2148 credi-

138 2169 231 2202 toris
256 2175 416 2214 persona
435 2167 619 2203 mutatur’
641 2169 734 2205 Acr·
824 2168 876 2205 37
910 2167 1064 2204 Orabam
1082 2169 1155 2219 Εγ
1178 2161 1216 2204 λ
1224 2181 1255 2215 φ
1271 2180 1288 2205 2
1309 2175 1343 2216 ψ
1366 2180 1382 2205 2
1406 2177 1605 2216 super-Ser.
1631 2167 1676 2213 ς’

139 2225 267 2261 Orabat
302 2227 340 2262 F
368 2236 380 2262 1
408 2239 434 2273 y
569 2222 695 2275 hodie]
729 2225 836 2259 hodie
868 2229 909 2258 ut
935 2237 966 2270 y
993 2221 1247 2276 [Montepess.
1280 2225 1487 2263 Zulickem.
1519 2223 1555 2277 2]

139 2279 288 2332 Quinte]
323 2284 470 2330 quincte
500 2281 582 2329 F(l
604 2295 641 2318 α.
665 2281 761 2329 ras.)
789 2294 813 2329 y
845 2282 931 2329 quin
963 2280 983 2316 ό
1015 2289 1050 2318 te
1086 2283 1118 2318 F
1144 2295 1231 2319 παν.
1263 2295 1344 2328 opp.
1375 2283 1494 2320 schol.
1526 2282 1566 2318 Γ

139 2339 191 2375 38
223 2339 394 2386 Inprimat
424 2337 466 2374 Ω
494 2338 530 2386 (ν
558 2345 590 2372 et
618 2337 658 2388 β)
697 2338 880 2383 imprimat
909 2346 932 2372 6
961 2350 984 2374 a
1013 2350 1037 2386 9
1063 2340 1077 2375 Ζ
1106 2338 1155 2386 (et
1181 2339 1322 2386 Fran.)
1437 2351 1615 2374 maecenas
1642 2351 1669 2387 y

141 2392 341 2443 [Bruxell.
373 2395 481 2431 9777
513 2396 615 2442 Lz'ps.
647 2395 880 2441 Monlepess.
918 2395 1100 2432 Nostrad.
1136 2391 1235 2444 184]
1267 2407 1431 2432 mecenas
1462 2392 1578 2440 52'23'

138 2448 298 2501 tabellis]
331 2451 479 2487 tabellas
503 2453 541 2488 F
557 2451 594 2498 (σ
610 2464 675 2498 pr.
695 2454 709 2488 l
730 2464 766 2488 a.
790 2451 887 2498 ras.)
909 2464 990 2497 opp.
1014 2453 1133 2488 schol.
1153 2464 1178 2500 y
1256 2451 1312 2489 40
1341 2449 1511 2502 propior]
1541 2454 1671 2502 ‹pprior

138 2509 176 2543 F
193 2505 266 2557 R'y
288 2520 391 2545 corr.
415 2507 468 2555 (a)
554 2504 710 2558 sugerit]
743 2508 922 2553 praeterit
952 2509 1033 2545 θεῖ).
1066 2513 1171 2556 capt.
1258 2507 1310 2544 41
1343 2520 1532 2543 maecenas
1560 2517 1626 2546 σν
1644 2522 1671 2558 y

138 2598 323 2623 mecaenas
344 2599 375 2633 φ
395 2583 436 2621 λ’
457 2598 621 2623 mecenas
641 2587 679 2622 E
692 2599 716 2635 γ
737 2586 775 2633 (α
790 2585 825 2635 9)
858 2566 1063 2635 memfaenas
1084 2592 1120 2634 ψ
1204 2588 1299 2636 cepit
1319 2588 1358 2623 Ε
1375 2599 1406 2634 φ
1492 2587 1546 2624 42
1567 2588 1670 2624 dum-

138 2648 235 2679 taxat
264 2642 307 2680 Ω,
327 2643 364 2690 (α
385 2656 409 2691 9
431 2642 466 2692 r)
497 2644 580 2677 dum
609 2647 711 2677 taxat
740 2642 766 2692 β
775 2640 817 2678 '6
847 2643 895 2679 ὼῖ
927 2644 1021 2678 taxit
1048 2646 1061 2681 l
1166 2644 1266 2678 raeda
1294 2656 1320 2692 y
1343 2640 1487 2695 [Lips.]
1518 2644 1604 2681 reda
1634 2644 1673 2681 E

138 2756 161 2792 y
186 2737 225 2788 ς’
253 2745 365 2793 rheda
395 2746 433 2781 F
448 2741 490 2782 λ’
519 2738 521 2741 ’
577 2744 631 2782 43
662 2706 849 2795 (30ηὲἒέΓᾷ
935 2745 990 2781 44
1021 2742 1155 2795 genus]
1188 2727 1278 2794 ge1i's
1300 2746 1339 2781 Ε
1421 2742 1528 2796 hora]
1561 2748 1667 2782 omis.

140 2802 177 2835 E
261 2798 390 2851 quota]
424 2799 474 2850 qd
503 2807 522 2838 a
543 2803 582 2838 Ε
664 2801 803 2837 Thraex
827 2798 900 2851 est]
933 2807 1032 2838 traxe
1053 2803 1092 2838 Ε
1118 2803 1246 2836 thraex
1275 2813 1319 2835 an
1339 2814 1366 2849 y
1385 2803 1594 2839 Lambinus

139 2857 253 2891 thraex
274 2870 300 2905 y
317 2854 410 2905 [duo
432 2858 514 2905 (om.
533 2860 621 2896 edit.
639 2857 762 2905 1573)
784 2855 949 2908 Bland.]
972 2858 1121 2892 Thraex
1142 2869 1176 2895 c.
1194 2858 1291 2906 1119,
1308 2855 1332 2895 9
1356 2859 1459 2894 threx
1479 2871 1504 2908 y
1519 2859 1557 2896 F
1573 2858 1613 2906 (α
1634 2865 1682 2894 et-
