1820 3094
844 760 877 764 —
896 753 1062 780 nonumque
1082 750 1228 781 prematur
1247 747 1276 774 in
1295 754 1402 773 annum

733 797 907 824 membranis
927 796 1005 824 intus
1024 797 1138 832 positis.

69 897 283 964 Tandem
322 921 505 964 consilio
547 927 701 978 poetae
740 923 847 964 satis
884 923 940 964 ad
981 922 1166 965 uerbum
1207 923 1374 981 inpleto
1416 947 1470 954 -—
1506 936 1611 965 uere

70 991 187 1032 enim
215 991 321 1032 anni
354 983 699 1037 (DDCCCQXI
728 990 857 1033 huius
889 991 992 1033 libri
1021 991 1310 1034 fundamenta
1339 1006 1391 1033 ac
1411 990 1612 1034 subsidia

67 1057 276 1114 colligere
305 1060 526 1116 coepimus
560 1085 610 1090 —
642 1062 688 1101 in
727 1059 868 1101 lucem
905 1059 1013 1102 haec
1051 1059 1187 1103 editio
1218 1060 1388 1117 prodit,
1431 1066 1474 1102 et
1512 1073 1612 1101 cum

66 1140 123 1168 ne
152 1127 331 1169 tertium
362 1127 539 1185 quidem
569 1126 792 1181 uolumen,
833 1143 918 1185 quo
957 1128 1271 1183 προλεγόμενα
1311 1142 1423 1185 quae
1453 1133 1613 1170 uocant

3 1248 6 1249 ⁷
67 1193 289 1237 includere
319 1196 366 1237 in
394 1196 540 1238 animo
570 1195 807 1251 habemus,
846 1202 935 1238 tam
968 1196 1167 1239 celeriter
1204 1211 1335 1253 quam
1373 1196 1461 1254 ipsi
1491 1202 1611 1252 opte-

69 1277 164 1304 mus
195 1263 437 1319 perfectum
465 1264 520 1306 iri
544 1264 898 1322 praeuideamus,
933 1263 1174 1320 longiorem
1203 1264 1457 1306 addidimus
1488 1277 1611 1321 prae—

69 1330 295 1373 fationem.
348 1346 400 1374 ac
429 1332 616 1388 primum
648 1332 826 1390 quidem
857 1331 1071 1374 beniuolis
1102 1331 1341 1376 lectoribus
1374 1338 1417 1375 et
1445 1338 1614 1375 nostra-

69 1398 188 1441 tibus
227 1405 270 1441 et
300 1401 483 1452 exteris,
524 1401 600 1458 qui
629 1406 720 1442 tam
757 1400 1038 1455 indulgenter
1080 1415 1132 1442 ac
1178 1401 1366 1457 benigne
1409 1399 1615 1443 uolumen

69 1467 257 1524 primum
281 1475 566 1525 exceperunt,
598 1469 763 1525 gratias
786 1470 1002 1511 maximas
1023 1474 1221 1525 agentes,
1252 1475 1302 1511 ut
1333 1475 1375 1511 et
1395 1468 1478 1511 hoc
1506 1467 1612 1510 alte-

68 1549 187 1590 rum,
219 1536 266 1577 in
297 1535 412 1593 quod
442 1535 540 1594 plus
564 1537 697 1579 etiam
715 1537 925 1594 temporis
958 1543 1000 1579 et
1023 1552 1182 1595 operae
1202 1537 1536 1594 insumpsimus,
1568 1535 1615 1578 id

71 1602 189 1659 quod
221 1618 275 1646 ex
305 1603 443 1647 multo
474 1606 637 1661 maiore
668 1605 868 1647 codicum
898 1620 1077 1647 numero
1107 1606 1154 1647 in
1173 1605 1256 1648 hoc
1277 1605 1468 1648 secundo
1489 1603 1615 1647 uolu-

69 1671 186 1713 mine
225 1672 270 1714 in
309 1686 494 1715 examen
528 1679 782 1716 uocatorum
824 1680 867 1717 et
903 1673 1173 1717 conlatorum
1214 1680 1417 1731 apparet,
1462 1687 1615 1715 aecum

68 1738 265 1796 plausum
296 1739 410 1783 ferat
439 1756 658 1797 rogamus.
1147 1793 1149 1795 ,

84 1853 87 1856 Α
185 1808 441 1852 Proximum
472 1817 538 1853 est
567 1817 616 1853 ut
647 1809 701 1851 de
733 1810 960 1853 codicibus
991 1811 1154 1853 nostris
1187 1810 1477 1868 disputemus,
1510 1816 1615 1867 quot

71 1876 115 1917 in
147 1877 277 1933 primi
308 1876 542 1920 uoluminis
575 1878 847 1936 praefatione
881 1894 969 1921 non
1005 1880 1246 1921 enumerati
1278 1884 1393 1920 sunt.
1454 1879 1615 1926 etenim

69 1951 348 1995 accesserunt
379 1952 467 1988 tres
499 1953 758 2003 quattuorue
790 1947 988 2003 primarii
1018 1946 1192 1989 codices
1223 1947 1354 2004 primi
1375 1947 1616 2003 optimique

55 2026 270 2068 generis:

187 2106 229 2158 1)
262 2122 286 2146 α
316 2127 373 2141 =
402 2123 509 2148 unus
540 2123 592 2148 ex
620 2110 909 2149 uetustissimis
940 2110 1182 2149 Horatianis
1204 2108 1413 2149 codicibus
1436 2114 1615 2148 exeunte

76 2177 238 2215 saeculo
270 2191 380 2217 nono
411 2178 480 2217 uel
507 2166 683 2217 ineunte
715 2178 871 2217 decimo
904 2179 1053 2230 partim
1083 2179 1126 2216 in
1149 2177 1388 2217 membrana
1417 2177 1617 2229 rescripta

74 2249 266 2284 exaratus
304 2246 400 2284 olim
435 2245 745 2285 Auenionensis
793 2260 905 2285 nunc
941 2237 1239 2286 Ambrosianus
1275 2245 1504 2285 Mediolani
1546 2245 1616 2284 ad-

73 2318 261 2352 seruatus
292 2319 333 2353 et
362 2314 482 2365 signo
514 2312 550 2353 O
586 2315 665 2353 136
696 2315 939 2363 instructus,
980 2328 1102 2367 quem
1140 2329 1191 2354 ex
1229 2315 1375 2354 eodem
1414 2313 1615 2366 exemplo,

73 2394 154 2433 quo
193 2382 425 2421 Pal-isinum
472 2384 613 2422 7900³
663 2383 744 2422 iam
790 2384 833 2422 in
872 2385 1002 2435 primo
1041 2383 1251 2422 uolumine
1300 2389 1529 2434 receptum,
1570 2383 1614 2420 in

73 2449 328 2489 sermonibus
360 2457 400 2490 et
430 2451 474 2489 in
500 2451 654 2490 maiore
675 2457 792 2502 parte
814 2452 1084 2503 epistularum
1115 2457 1155 2491 et
1185 2452 1228 2490 in
1251 2458 1340 2491 arte
1363 2451 1525 2503 poetica
1547 2449 1615 2489 de-

71 2517 287 2566 ficientem,
321 2524 362 2557 et
389 2519 523 2571 ipsum
553 2520 702 2571 partim
725 2520 968 2572 rescriptum
988 2513 1247 2572 ineunteque
1271 2519 1427 2558 decimo
1449 2518 1614 2557 saeculo

76 2592 299 2634 exaratum,
331 2587 496 2627 fluxisse
527 2587 791 2626 manifestum
822 2595 895 2626 est.
936 2589 1046 2627 hunc
1076 2588 1258 2627 codicem
1279 2586 1507 2626 Mediolani
1538 2587 1619 2638 ipsi

79 2654 343 2706 contulimus3
378 2656 430 2695 de
460 2669 545 2694 non
577 2656 700 2694 nullis
731 2655 831 2694 locis
855 2656 990 2695 dubiis
1014 2655 1289 2696 Oerianius
1321 2669 1361 2694 u.
1385 2655 1434 2693 cl.
1457 2653 1618 2707 byblio-

75 2721 220 2761 thecae
258 2722 558 2762 Ambrosianae
597 2723 831 2775 praefectus
868 2725 1054 2775 rogantis
1092 2737 1170 2763 nos
1210 2723 1509 2762 officiosissime
1544 2734 1620 2774 per

77 2789 234 2830 litteras
266 2793 460 2830 certiores
495 2793 604 2831 fecit.
666 2791 813 2844 quibus
851 2792 952 2831 locis
991 2793 1072 2831 duo
1111 2792 1273 2831 codices
1304 2794 1338 2829 A
1378 2797 1418 2830 et
1448 2804 1471 2828 α
1511 2791 1621 2829 inter

77 2871 122 2897 se
152 2861 435 2908 consentiunt,
469 2860 579 2912 quod
610 2860 778 2912 quidem
810 2860 895 2900 fere
927 2861 1125 2899 conuenit
1154 2860 1400 2911 ubicumque
1429 2861 1461 2896 Α
1492 2864 1616 2906 extat,

1364 2938 1409 2970 a*

1635 2117 1726 2143 codex
1746 2127 1765 2143 a

1648 2390 1741 2417 codex
1759 2390 1787 2416 A
