1890 3106
760 139 843 165 Lm.
876 135 890 165 1
914 138 948 172 2,
971 138 1073 164 30--46
1609 123 1695 165 205

274 251 418 291 inuidia
450 251 516 291 uel
548 263 684 291 amore
713 251 811 303 uigil
843 250 1097 304 torquebere.
1159 263 1249 290 nam
1282 263 1352 291 cur

273 338 375 378 quae
404 325 565 366 laedunt
595 325 752 366 oculum
783 326 947 366 festinas
977 325 1158 366 demere:
1190 325 1318 379 siquid

273 407 332 442 est
362 402 559 447 animum,
591 399 731 440 differs
762 400 928 440 curandi
959 405 1115 453 tempus
1145 401 1184 439 in
1218 401 1391 440 annum?

273 475 479 515 dimidium
510 475 604 515 facti
635 475 703 527 qui
733 475 865 527 coepit
895 474 1033 515 habet:
1066 487 1205 527 sapere
1236 474 1356 520 aude3
1655 481 1700 513 40
1768 525 1771 531 Ι

274 550 424 601 incipe!
456 550 522 602 qui
552 553 663 589 recte
693 549 856 589 uiuendi
886 554 1076 601 prorogat
1106 548 1266 593 horam,

272 625 443 664 rusticus
475 628 655 675 expectat
686 622 779 662 dum
813 622 960 662 defluat
984 623 1137 666 amnis:
1170 627 1209 661 at
1238 621 1305 661 ille

271 697 418 738 labitur
450 702 488 737 et
517 697 674 737 labetur
703 698 742 736 in
775 709 893 736 omne
924 695 1112 737 uolubilis
1142 697 1332 736 *aeuom.

273 773 479 823 quaeritur
509 778 718 824 argentum
749 773 966 823 puerisque
998 770 1113 811 beata
1143 770 1327 812 creandis

273 858 375 886 uxor
405 854 443 886 ct
472 846 646 886 incultae
675 851 868 899 pacantur
898 858 1063 886 uomere
1093 844 1230 886 siluae.
1656 852 1700 884 45

275 920 380 972 quod
412 921 508 960 salis
539 925 600 964 est
630 921 695 961 cui
726 921 936 972 contingit,
969 920 1024 960 nil
1055 919 1224 973 amplius
1254 926 1377 974 optet.

161 1058 430 1086 TESTIMONIA.

162 1113 208 1145 cf.
235 1113 484 1155 Hieronymus
510 1115 704 1146 comment.
735 1112 773 1145 in
799 1112 1021 1146 Zachariam
1047 1112 1084 1145 11
1108 1114 1128 1145 6
1157 1110 1333 1156 [Vallars.
1359 1113 1411 1147 VI
1435 1112 1516 1157 826]
1542 1115 1702 1148 Horatio

161 1168 234 1191 non
265 1159 472 1191 nominatos
511 1158 725 1191 ‘dimidium
763 1158 855 1191 facti
887 1159 949 1201 qui
985 1159 1081 1191 bene
1115 1159 1239 1202 coepit
1268 1158 1400 1202 (cepit)
1440 1160 1575 1193 habet-²
1611 1161 1702 1193 item

158 1203 258 1236 hunc
293 1214 441 1236 uersum
477 1203 608 1238 laudat
639 1205 858 1237 Vincentius
896 1204 1177 1237 Bellouacensis
1214 1205 1355 1248 specul.
1391 1205 1520 1239 histor.
1559 1206 1628 1239 VII
1658 1207 1702 1239 68

158 1250 260 1282 inter
284 1249 479 1282 ‘flosculos
504 1250 744 1293 epistolarum
769 1251 924 1283 Oratii'.
962 1250 1150 1283 Ausonius
1175 1251 1292 1293 epigr.
1319 1252 1381 1285 81:
1407 1252 1572 1294 ‘incipet
1599 1251 1701 1284 dimi<

161 1295 261 1327 dium
285 1295 380 1328 facti
411 1299 468 1328 est
499 1294 682 1339 coepisse‘
784 1298 828 1329 40
854 1296 902 1328 cf.
929 1297 1065 1328 Auson.
1092 1296 1137 1329 de
1163 1297 1314 1329 conexis
1339 1307 1373 1340 p.
1402 1298 1466 1330 198
1492 1299 1592 1340 ssip.:
1625 1298 1702 1330 ‘in-

163 1340 263 1383 cipe,
297 1340 474 1384 quidquid
512 1343 622 1384 agas'
660 1352 726 1384 pro
757 1344 835 1374 toto
867 1344 924 1374 est
962 1342 1080 1384 prima
1113 1342 1235 1384 operis
1274 1345 1380 1385 pars’
1421 1347 1478 1376 ‘et
1515 1342 1612 1386 quod
1649 1343 1703 1376 ait

160 1386 356 1420 Horatius.
389 1397 522 1429 sapere
553 1387 665 1419 aude:
697 1397 742 1419 ne
775 1398 847 1420 non
878 1390 915 1419 te
950 1387 1046 1420 ratio
1079 1387 1255 1430 subiuget
1289 1388 1391 1431 prius
1424 1398 1532 1431 quam
1561 1391 1702 1422 metus’

161 1433 358 1474 Augustin.
385 1432 429 1464 de
457 1433 615 1474 quantit.
643 1433 788 1465 animae
815 1434 857 1465 41
887 1430 930 1477 [t.
958 1433 975 1465 Ι
999 1434 1064 1465 421
1093 1430 1199 1477 Ben.]
1294 1435 1338 1466 42
1364 1444 1422 1476 sq.
1446 1433 1606 1467 Ioannes
1638 1435 1702 1467 Sa-

162 1478 407 1510 resberiensis
433 1478 542 1520 epist.
567 1480 633 1510 263
725 1479 769 1511 42
794 1478 886 1510 imit.
911 1478 1104 1511 quenalis
1130 1480 1191 1520 14,
1217 1480 1262 1511 25
1286 1490 1359 1522 sq.:
1387 1480 1567 1512 ‘rusticus
1594 1490 1705 1523 expe-

163 1526 261 1563 ctas,
296 1526 338 1555 ut
363 1533 436 1556 non
461 1524 510 1555 sit
541 1523 713 1556 adultera
747 1525 893 1566 Largae
926 1523 1022 1556 filia’
1162 1504 1207 1558 4⁷3
1233 1524 1282 1559 cf.
1308 1525 1420 1558 Ouid.
1445 1529 1531 1560 met.
1557 1527 1591 1559 X
1616 1527 1703 1560 519:

163 1568 324 1602 ‘labitur
347 1568 492 1602 occulte
519 1569 691 1612 fallitque
716 1569 882 1602 uolatilis
912 1572 1036 1603 aetas’

159 1696 290 1726 VARIA
317 1696 486 1725 LEGTIO.

271 1758 330 1798 *38
363 1759 482 1805 Quek
568 1758 925 1798 le‹1untEF2.‹51
1005 1754 1705 1812 oculumEFk'151(vn‘62ret

163 1816 187 1853 2
220 1816 379 1865 Bland.)
414 1818 541 1854 Benll.
576 1818 704 1854 oculos
734 1809 826 1867 A'y
847 1818 868 1854 λ
891 1829 995 1855 corr.
1020 1815 1044 1854 δ
1064 1830 1080 1855 2
1101 1815 1160 1868 (β’
1176 1827 1199 1854 σ
1220 1830 1232 1856 1
1253 1832 1278 1868 9
1298 1833 1323 1856 v
1343 1827 1377 1856 et
1398 1820 1422 1857 2
1446 1821 1605 1870 Bland.)
1632 1825 1703 1871 slo-

163 1876 273 1922 riley.
305 1875 554 1911 Nostradam.
589 1876 702 1923 defic.
736 1887 753 1911 ε
870 1875 1001 1924 siquod
1032 1877 1070 1911 F
1088 1871 1127 1911 λ’
1148 1876 1187 1923 (ν
1215 1890 1240 1913 υ
1272 1876 1393 1926 corr.)
1424 1891 1508 1925 opp.
1535 1881 1703 1929 florzley.

87 1935 97 1942 ‘
165 1932 412 1968 Nostradam.
447 1930 494 1978 (et
524 1931 550 1968 4
582 1931 742 1979 Bland.)
852 1932 903 1969 39
937 1932 1049 1969 (lisers
1080 1934 1114 1969 A
1220 1935 1361 1971 curanti
1392 1947 1410 1972 ε
1522 1936 1578 1974 40
1608 1938 1704 1986 cepit

165 1984 186 2023 ὂ
209 1999 221 2025 1
311 1999 444 2037 sapere
466 1988 486 2024 λ
574 1988 627 2025 41
661 1989 808 2025 uiuendi
840 1990 901 2038 qui
922 1995 1021 2026 recte
1044 1985 1093 2025 A'
1112 2003 1144 2052 y
1156 1991 1195 2026 F
1211 1983 1252 2027 λ
1274 1988 1297 2027 δ
1318 2003 1335 2028 ε
1357 1987 1417 2041 (β’
1439 2005 1463 2029 ν
1483 1989 1531 2028 π’
1552 2002 1575 2028 σ
1596 2004 1609 2030 1
1626 2007 1649 2030 r
1664 1993 1704 2042 v)

164 2046 225 2094 qui
256 2044 355 2092 (quis
378 2044 458 2094 Pf.)
488 2051 588 2083 recte
619 2045 766 2082 uiuendi
798 2047 836 2082 E
861 2046 899 2093 (6
920 2058 936 2083 2
963 2045 1002 2094 9)
1032 2047 1131 2095 Ppk.
1174 2049 1396 2092 Remmius,
1432 2050 1468 2084 in
1507 2052 1625 2086 altera
1655 2054 1704 2087 le-

163 2103 276 2137 ctione
307 2098 516 2150 ambiguum
547 2099 619 2138 Iesse
646 2110 798 2150 putans,
833 2110 953 2139 ulrum
983 2109 1082 2141 recte
1113 2105 1261 2142 uiuendi
1294 2107 1379 2141 uelit
1411 2120 1457 2142 an
1488 2113 1588 2144 recte
1618 2120 1705 2157 pro-

163 2165 291 2208 rogat3
330 2164 375 2205 cs.
407 2165 484 2198 art.
510 2166 612 2208 poet.
638 2160 689 2197 29
722 2167 755 2196 et
785 2173 872 2198 nar.
903 2163 992 2198 lect.
1024 2161 1036 2197 l
1069 2161 1143 2209 18,
1177 2162 1247 2204 74;
1287 2163 1406 2200 schol.
1439 2177 1461 2201 r
1488 2167 1526 2202 in
1558 2178 1704 2215 marg..-

166 2216 339 2253 ‘ORDQ
371 2217 445 2258 Qui
469 2223 647 2263 prorogat
667 2218 789 2252 horam
811 2222 909 2252 recte
933 2218 1108 2252 uiuendi'
1132 2219 1290 2255 uiuendi
1311 2226 1412 2255 recte
1434 2221 1497 2267 qui
1517 2235 1543 2268 3!
1565 2234 1596 2258 ω
1613 2225 1702 2271 Ῑῖον.

168 2273 297 2310 Noscr.
378 2273 430 2310 42
453 2280 637 2323 exspectat
658 2272 682 2310 ὃ
759 2272 911 2326 defluat]
936 2275 1024 2312 fluat
1045 2276 1078 2311 A
1095 2288 1160 2324 pr.
1176 2288 1195 2312 ε
1213 2275 1250 2324 (6
1259 2276 1342 2325 pr.)
1401 2275 1533 2330 amnis]
1557 2275 1651 2316 a'tnis
1673 2293 1704 2327 φ

277 2353 330 2390 illi
369 2355 408 2390 Ε
505 2353 559 2392 43
588 2332 801 2391 inuolubilis
830 2345 907 2393 ‹fffie
935 2367 959 2405 γ
1059 2366 1186 2392 aeuum
1218 2352 1292 2393 „Qu
1393 2356 1448 2394 44
1480 2357 1653 2403 Queritur
1681 2373 1706 2410 γ

166 2409 186 2446 λ
206 2407 231 2446 ὃ
337 2410 391 2447 45
422 2411 557 2448 inculte
590 2410 610 2446 λ
718 2411 912 2457 placantur
951 2413 1222 2460 WakeseIdius
1251 2419 1474 2459 perarantur
1506 2416 1705 2454 Nodetlius

165 2479 246 2514 opp.
277 2470 439 2515 floriley.
474 2468 719 2506 Nostradam.
742 2476 776 2504 et
803 2473 847 2514 cf.
872 2469 1127 2518 Germanicus
1156 2473 1194 2507 in
1225 2472 1336 2508 Arat.
1356 2473 1562 2519 phaenom.
1581 2485 1623 2521 p.
1650 2474 1703 2511 96

166 2526 223 2561 ed.
259 2524 387 2562 1589:
420 2523 664 2572 ‘fructusque
696 2526 806 2559 dabat
835 2531 965 2572 pacata
994 2526 1123 2560 colono
1155 2535 1288 2573 sponte
1320 2540 1388 2562 sua
1417 2528 1553 2563 tellus'

166 2616 202 2640 u.
235 2603 288 2641 46
321 2605 388 2640 del.
423 2603 610 2642 Lekrsius
715 2605 769 2643 46
802 2605 904 2650 Quod
935 2618 954 2643 ε
1069 2608 1225 2656 contigit
1254 2606 1274 2642 λ
1295 2605 1319 2644 δ
1343 2620 1361 2644 ε
1382 2607 1429 2655 (et
1449 2605 1490 2656 β)
1520 2610 1712 2684 icontingit

167 2678 268 2720 cett!
292 2678 331 2727 ς’
351 2682 399 2730 (et
419 2685 542 2722 Fran.
574 2687 606 2723 V
624 2680 678 2736 [ἲ]
703 2698 782 2720 cum
804 2687 880 2723 alio
903 2684 1060 2734 Beana.)
1078 2688 1166 2734 flor.
1192 2687 1320 2724 Noslr.
1353 2687 1545 2732 continget
1574 2701 1597 2725 r
1617 2700 1704 2723 con-

165 2739 250 2784 tigit
269 2752 295 2788 y
318 2736 361 2790 [2
385 2742 526 2779 Bland.
530 2738 548 2792 ]
582 2742 782 2787 contigerit
803 2743 1026 2780 Doederlzssn
1049 2743 1224 2788 contigit,
1256 2744 1289 2777 is
1321 2744 1548 2782 Stallbaum.
1579 2759 1657 2781 cum
1676 2757 1704 2794 y

168 2792 238 2845 [V,
269 2810 334 2843 per
355 2795 541 2849 lituram];
570 2799 746 2844 contigit,
779 2799 836 2833 hic
864 2812 891 2848 y
913 2800 1128 2838 Lambmus
1223 2800 1312 2837 nihil
1343 2797 1395 2837 A'
1416 2813 1440 2851 γ
1461 2799 1486 2838 δ
1506 2814 1523 2839 ε
1545 2801 1584 2850 (ν
1603 2798 1651 2839 π’
1672 2810 1706 2838 et

169 2854 291 2890 Fran.
326 2855 434 2892 Vsed
451 2869 517 2903 per
536 2855 697 2903 lituram)
729 2856 839 2890 nichil
858 2870 883 2905 9
908 2857 957 2904 (et
977 2856 1017 2907 β)
1043 2859 1132 2904 flor.
1159 2857 1288 2894 Nostr.
1320 2858 1369 2895 nil
1392 2859 1431 2895 E
1447 2860 1486 2895 F
1502 2855 1543 2896 λ’
1565 2859 1604 2907 (σ
1623 2873 1645 2896 r
1665 2860 1704 2906 v)

239 2939 426 2963 noan-ivs
446 2942 475 2963 11
495 2940 521 2964 2.
1449 2936 1492 2968 14
