1820 3094
785 99 868 127 Lm.
901 99 916 125 1
947 97 997 131 10,
1021 95 1123 123 53—76
1570 102 1573 105 Δ
1663 79 1715 123 91

296 216 522 259 ambustum
553 212 739 266 propriis.
799 211 919 251 fuerit
950 209 1142 257 Lucilius,
1175 210 1357 261 inquam,

297 292 420 332 comis
452 296 491 331 et
519 288 717 333 urbanus,
749 285 870 326 suerit
900 280 1072 325 limatior
1101 284 1226 330 idem,
1676 288 1719 320 65

296 378 415 422 quam
446 365 559 405 rudis
589 367 629 404 et
659 361 820 403 Graecis
850 361 988 400 intacti
1019 360 1207 411 carminis
1238 364 1376 399 auctor

298 451 494 493 quamque
525 442 735 492 poetarum
766 436 969 474 seniorum
1001 433 1138 479 turba;
1172 433 1242 474 sed
1273 432 1360 479 ille,

297 516 330 556 si
361 515 464 555 soret
493 513 569 553 hoc
600 515 779 552 nostrum
812 509 891 550 fato
922 508 1099 562 dilapsus
1128 509 1171 548 in
1201 507 1393 554 *aeuom,

298 590 498 630 detereret
528 585 604 627 sibi
635 584 777 631 multa,
809 583 1009 624 recideret
1041 595 1159 623 omne
1191 582 1297 636 quod
1329 582 1430 623 ultra

298 664 518 717 perfectum
548 661 796 706 traheretur,
831 663 871 698 et
898 659 938 698 in
972 670 1092 698 uersu
1122 657 1305 698 faciendo
1682 662 1726 693 70

299 751 417 793 saepe
449 741 569 791 caput
598 734 800 780 scaberet,
835 734 950 773 uiuos
982 737 1022 772 et
1051 731 1215 772 roderet
1245 732 1401 783 unguis.

302 825 420 867 saepe
449 811 582 852 stilum
612 815 764 856 uertas,
797 809 940 848 iterum
973 819 1075 860 quae
1106 806 1224 859 digna
1256 806 1335 858 legi
1365 807 1463 852 sint,

302 872 542 942 scripturus,
575 897 704 938 neque
734 889 773 924 te
803 887 847 923 ut
877 884 1046 923 miretur
1076 881 1193 923 turba
1223 873 1403 927 labores,

305 967 515 1003 contentus
545 961 682 1013 paucis
711 957 943 999 lectoribus.
1003 970 1052 998 an
1082 962 1148 997 tua
1181 956 1345 997 demens

301 1036 447 1078 uilibus
477 1037 518 1075 in
547 1034 651 1075 ludis
682 1033 823 1073 dictari
854 1033 1031 1072 carmina
1067 1031 1206 1072 malis?
1685 1035 1728 1067 75

302 1125 382 1153 non
415 1123 508 1163 ego:
541 1122 634 1150 nam
664 1109 758 1149 satis
789 1107 1052 1160 est‘equitem
1083 1106 1179 1146 mihi
1209 1105 1418 1159 plaudere,
1455 1109 1500 1146 ut
1529 1104 1656 1145 audax

189 1273 462 1305 TESTIMONIA.

283 1343 327 1375 65
353 1341 403 1374 cf.
430 1340 509 1374 ecb.
536 1337 676 1381 captiui
701 1338 783 1370 715:
822 1336 957 1369 ‘comis
983 1338 1020 1368 et
1047 1335 1228 1375 urbanus,
1256 1334 1377 1368 animo
1409 1335 1510 1378 pius,
1542 1345 1603 1368 ore
1636 1343 1732 1368 sere-

192 1392 282 1423 nus’
377 1388 418 1420 71
445 1384 559 1419 schol.
584 1384 682 1416 Pers.
710 1384 747 1423 1,
775 1383 839 1415 106
865 1381 1047 1424 Eutychis
1071 1391 1132 1414 ars
1156 1380 1194 1412 11
1225 1382 1238 1412 l
1265 1391 1301 1423 p.
1325 1381 1392 1414 467
1419 1382 1464 1414 Κ.
1511 1381 1558 1416 cf.
1588 1380 1733 1414 ecbasis

192 1434 336 1478 captiui
362 1434 419 1466 13:
458 1435 592 1473 ‘saepe
624 1431 736 1472 caput
761 1427 945 1468 scabitur,
971 1427 1081 1459 uiuus
1108 1426 1322 1459 com-oditur
1346 1427 1503 1469 unguis’
1586 1428 1733 1460 72--73

191 1484 327 1522 ‘saepe
352 1495 396 1502 —-
421 1477 645 1520 scripturus’
671 1475 885 1515 Hieronym.
913 1475 1109 1506 comment.
1133 1472 1172 1504 in
1198 1472 1446 1505 ecclesiasten
1472 1483 1554 1515 cap.
1581 1474 1601 1504 2

192 1528 234 1560 72
259 1529 394 1568 ‘saepe
420 1522 545 1556 stilum
569 1523 719 1554 uertas’
740 1519 912 1563 Pompeii
938 1520 1181 1552 commentum
1205 1528 1263 1561 ap.
1289 1517 1385 1551 Keil.
1410 1519 1442 1552 V
1469 1519 1487 1551 1
1513 1529 1548 1563 p.
1576 1519 1642 1551 109

190 1654 320 1684 VARIA
349 1651 503 1681 LECTIO
510 1668 518 1677 .

307 1722 360 1761 64
390 1716 566 1771 propriis]
600 1721 668 1755 del.
701 1719 894 1767 Hitziyius
993 1719 1150 1755 lucilius
1178 1719 1302 1766 inquo}
1331 1729 1362 1765 φ
1457 1712 1623 1767 inquam]
1658 1717 1737 1764 imq

193 1781 265 1830 (Ξ
292 1778 463 1829 imquam)
495 1790 520 1815 u
636 1789 673 1814 u.
709 1775 760 1814 65
793 1778 898 1813 omis.
930 1787 962 1823 φ
981 1785 994 1811 1
1024 1787 1107 1822 opp.
1140 1774 1236 1812 Aer.
1354 1772 1406 1812 65
1438 1773 1584 1811 urbanis
1615 1770 1736 1823 Ft'y

195 1875 276 1909 opp.
309 1861 390 1898 ech.
422 1864 527 1907 capt.
640 1838 784 1894 nmat¹0r
814 1861 848 1903 ψ
879 1868 960 1902 opp.
994 1856 1062 1892 Ac.
1088 1855 1181 1892 Aer.
1285 1855 1336 1893 66
1367 1854 1468 1891 rudis
1500 1851 1555 1905 et]
1590 1853 1736 1889 Radius

196 1919 448 1958 casaubonus
477 1929 558 1964 opp.
592 1915 684 1952 Aer.
809 1909 864 1963 et]
899 1925 943 1947 ex
971 1925 997 1962 y
1021 1908 1185 1963 [Fran]
1219 1923 1239 1946 a
1268 1924 1294 1960 y
1324 1916 1362 1945 at
1391 1911 1625 1961 Rutyersius

194 1975 316 2026 grecis
333 1975 399 2024 Pf.
428 1971 530 2019 ‘gsscis
551 1986 577 2022 y
601 1967 806 2023 [Barcin.]
838 1967 920 2015 {ftis
940 1971 1010 2012 Ac.
1044 1970 1162 2019 grecis
1188 1963 1288 2013 Ωι’ς’
1306 1969 1406 2017 ΡρΙι.
1493 1965 1639 2020 intacti]
1674 1969 1738 2016 qui

194 2033 322 2068 intacti
352 2032 509 2069 Peerlk.
543 2043 625 2077 opp.
657 2024 856 2076 PpklAc.
946 2024 1091 2078 auctor]
1126 2030 1229 2061 actor
1259 2026 1357 2074 Pplz.
1391 2038 1472 2073 opp.
1504 2026 1571 2075 Pf.
1601 2027 1673 2064 Ac.

197 2091 248 2129 67
282 2095 337 2127 set
367 2102 391 2139 γ
480 2089 532 2127 68
564 2083 661 2137 fato]
694 2086 790 2123 sacto
822 2085 861 2122 E
953 2084 1112 2133 dilapsus
1144 2080 1235 2128 52'3
1262 2083 1357 2131 (laps
1387 2086 1426 2121 in
1458 2095 1539 2121 ras.
1572 2080 1613 2132 β)
1644 2083 1739 2118 dila-

196 2153 258 2182 tus
289 2155 351 2196 69
381 2146 428 2194 (et
457 2145 482 2196 β
507 2158 570 2194 pr.
594 2148 636 2182 ut
665 2145 752 2194 uid.
770 2143 791 2180 1
816 2140 974 2191 Bland.)
1006 2140 1181 2187 delapsus
1218 2153 1244 2189 y
1270 2137 1314 2192 [3
1338 2137 1503 2192 Bland.]
1537 2140 1682 2176 delatus
1713 2153 1740 2189 y

311 2215 419 2241 euum
448 2203 511 2241 λιι
541 2213 671 2239 aeuum
702 2204 789 2238 cett.
889 2199 940 2238 69
974 2197 1174 2238 D&errer&
1206 2199 1245 2236 Ε
1270 2198 1494 2233 Detraheret
1521 2211 1548 2247 y
1577 2199 1669 2236 Aer.
1699 2200 1740 2235 in

197 2289 399 2333 interpret.
502 2296 539 2320 u.
574 2282 626 2320 71
659 2283 763 2318 omis.
796 2291 857 2328 φι
888 2292 970 2327 opp.
1003 2275 1115 2327 Pplz!
1145 2275 1306 2327 Por-ph!
1415 2278 1466 2316 71
1499 2278 1593 2328 Sepe
1624 2254 1745 2327 capuyl‘

199 2343 236 2380 Ε
320 2337 503 2392 scaberet]
541 2336 703 2377 scabar&
734 2338 772 2374 Ε
805 2350 887 2384 opp.
920 2338 990 2374 Ac.
1031 2336 1215 2382 scalperet
1241 2348 1266 2384 y
1298 2331 1442 2388 [Fran.
1476 2332 1583 2386 uma]
1625 2333 1740 2383 Pplz!

198 2400 291 2437 Acr.
322 2401 362 2436 in
391 2402 594 2446 interpret.
702 2396 836 2444 unguis
867 2395 903 2432 D
917 2406 984 2442 pr.
1010 2395 1077 2443 Ey
1099 2392 1186 2442 (ar)
1206 2406 1232 2442 y
1255 2389 1404 2444 [Paris.
1431 2389 1563 2444 7979]
1596 2404 1740 2442 ungues

199 2451 302 2494 cett!
327 2451 365 2500 ς’
387 2451 500 2503 Pph!
522 2455 642 2492 schol.
665 2454 778 2490 Pers.
803 2453 970 2499 Eutych.
1065 2450 1117 2488 72
1151 2449 1305 2485 ‘iterum
1326 2451 1370 2484 ad
1399 2450 1611 2496 scripturus
1633 2449 1740 2498 (scri-

199 2513 453 2560 pturoscod.)
475 2510 625 2547 retulit'
646 2512 763 2560 qloss.
783 2523 807 2560 γ
894 2505 1004 2559 quae]
1038 2521 1073 2559 q.
1097 2509 1136 2545 E
1209 2508 1378 2558 legissint
1398 2519 1422 2557 γ
1446 2521 1482 2545 α.
1505 2518 1587 2544 ras.
1609 2520 1636 2556 y
1656 2520 1738 2555 opp.

200 2571 426 2618 Hieronym.
456 2570 633 2619 legissent
662 2580 688 2605 u
710 2578 722 2604 1
745 2580 826 2615 opp.
850 2567 1076 2615 Hieronym.
1165 2561 1255 2616 sint]
1289 2570 1377 2601 sunt
1395 2577 1421 2613 y
1498 2577 1636 2600 comma
1662 2573 1743 2612 post

200 2641 320 2664 uocem
358 2628 432 2664 sint
469 2630 560 2662 delet
595 2627 853 2663 Doederlinus
993 2623 1045 2661 74
1084 2619 1252 2673 demens]
1293 2622 1451 2659 clemens
1490 2623 1529 2658 Ε
1554 2634 1621 2670 pr.
1660 2635 1741 2670 opp.

201 2687 272 2723 Ac.
391 2684 443 2722 75
475 2684 612 2721 Vilibus
644 2683 763 2732 DEy
781 2695 854 2730 φα
875 2690 901 2725 ς
929 2677 1042 2730 Pph!
1074 2679 1215 2717 Milibus
1243 2685 1278 2727 ψ
1303 2675 1341 2715 λ’
1381 2678 1428 2727 (et
1458 2674 1598 2727 Frasst.)
1705 2682 1742 2717 in

201 2761 316 2815 ludis]
351 2734 478 2801 lilludis
508 2777 532 2814 γ
669 2762 720 2800 76
752 2758 852 2813 nam]
895 2762 917 2798 ἦ
952 2775 978 2800 u
1095 2756 1272 2813 equitem]
1313 2759 1444 2809 equide
1483 2760 1522 2798 Ε
1555 2773 1637 2810 opp.
1670 2761 1740 2800 Ac.

204 2826 305 2860 omis.
338 2822 373 2859 D
388 2834 455 2870 pr.
564 2817 670 2872 mihi]
702 2822 806 2858 omis.
837 2832 863 2859 u
