1930 3094
781 118 1018 146 PRAEFATIO
1555 153 1570 181 ·
1624 118 1668 144 IX

129 234 205 274 tati
236 232 453 281 debemus,
493 232 558 271 cui
597 231 650 270 de
688 232 899 271 beneficiis
936 233 1019 271 suis
1059 245 1156 285 erga
1193 245 1268 271 nos
1299 232 1484 284 plurimis
1516 232 1668 284 gratias

128 302 207 342 hoc
234 302 325 342 loco
357 302 515 353 agimus
545 301 753 340 maximas.
814 301 866 340 ab
897 300 975 340 hoc
1003 302 1092 339 uiro
1124 301 1346 340 clarissimo
1377 314 1462 339 non
1492 299 1614 339 modo
1645 308 1669 336 6

129 370 301 419 codicis,
334 384 478 410 uerum
508 370 632 409 etiam
662 382 682 407 τ
710 387 766 401 =
797 369 948 409 codicis
978 370 1216 409 Turieensis
1246 368 1431 408 Carolini
1462 370 1485 408 6
1516 368 1671 408 saeculi
1706 374 1798 402 codex
1816 381 1834 402 τ

127 427 175 478 X
203 439 481 479 conlationem
513 437 825 490 diligentissime
862 438 1093 477 confectam
1129 438 1198 476 uel
1233 438 1567 477 retractationem
1597 451 1669 477 no-

129 513 240 548 strae
270 507 480 560 quondam
509 506 758 545 conlationis
796 507 945 558 raptim
982 519 1030 545 ac
1064 511 1189 545 noctu
1220 506 1480 559 conscriptae
1511 506 1669 558 accepi-

128 589 238 624 mUS,
277 576 391 616 unde
430 575 483 614 ad
515 574 752 613 fasciculum
790 574 1011 613 uoluminis
1048 574 1219 613 secundi
1257 574 1432 613 alterum
1463 588 1510 613 eo
1542 575 1671 613 maior

127 644 283 684 utilitas
313 643 581 692 redundanit,
614 642 726 695 quod
757 642 815 682 ibi
844 642 975 682 codex
994 644 1030 681 D
1059 641 1164 681 libro
1186 656 1207 680 τ
1237 642 1372 681 affinis
1401 647 1511 681 totus
1543 643 1670 681 ferme

129 713 293 753 defecit.

183 795 208 832 9
226 799 282 813 =
303 781 486 821 codicem
508 780 747 821 Gothanum
765 780 893 819 chart.
910 781 944 819 B
963 782 1013 820 61
1034 794 1119 819 non
1136 786 1233 819 ante
1248 794 1285 818 a.
1302 768 1671 821 (DGCGCxL-—XVT
1712 786 1804 812 codex
1821 794 1841 820 a

127 851 322 902 scriptum
353 855 452 889 nota
488 862 595 902 quae
627 849 777 888 dicitur
817 850 987 901 aquaria
1018 849 1204 888 efficitur.
1263 861 1384 900 quem
1416 848 1556 900 magni
1585 862 1668 886 mo-

127 919 256 958 menti
283 917 434 957 librum
454 918 731 970 pertinentem
763 917 815 956 ad
837 931 967 970 genus
997 918 1225 957 secundum
1247 914 1356 968 (BC[
1369 913 1437 968 V])
1460 917 1670 969 ceteroqui

128 986 241 1026 haud
271 986 410 1026 multis
439 985 612 1025 testibus
651 986 974 1039 comprobatum,
1016 987 1087 1039 qui
1123 991 1338 1033 praeterea
1368 985 1671 1024 Mauortianam

127 1054 469 1107 subscriptionem
493 1053 677 1102 exhibet,
710 1055 996 1095 intercedente
1016 1060 1131 1102 patre
1162 1055 1330 1094 alterius
1351 1059 1537 1093 nostrum
1566 1066 1668 1093 nan-

129 1124 203 1163 ctis
233 1137 308 1176 per
337 1123 509 1162 multum
538 1123 733 1175 temporis
766 1123 876 1162 (lomi
906 1123 1095 1162 conferre
1125 1122 1244 1161 nobis
1274 1121 1435 1162 licebat.

240 1191 422 1231 codicem
452 1206 475 1229 r
503 1209 559 1223 =
588 1191 823 1231 Parisinum
853 1192 962 1231 9345
995 1191 1149 1231 saeculi
1173 1180 1244 1229 XI
1262 1192 1470 1232 conlatum
1491 1204 1515 1229 a
1536 1190 1667 1238 nobis,
1713 1198 1805 1225 codex
1825 1206 1841 1224 r

127 1260 383 1312 recognitum
421 1274 445 1298 a
486 1260 705 1308 Iosepho
742 1260 957 1299 Kleinio
994 1265 1034 1299 et
1071 1259 1307 1312 Augusto
1347 1259 1669 1311 Behaghelio

127 1329 227 1367 uiris
256 1328 582 1378 humanissimis,
626 1329 870 1382 ubicumque
903 1342 927 1374 ς
955 1328 1117 1367 codices
1148 1328 1384 1377 laudantur,
1427 1329 1469 1367 in
1499 1327 1578 1366 hoc
1608 1341 1668 1366 se-

128 1396 264 1436 cundo
294 1397 505 1437 uolumine
536 1398 798 1437 adhibuimus
828 1402 994 1450 propter
1015 1398 1363 1436 necessitudinem
1384 1410 1491 1449 quae
1520 1396 1558 1435 ei
1579 1410 1669 1434 cum

126 1467 164 1504 D
194 1470 235 1504 et
263 1462 312 1502 π’
346 1463 392 1516 (π
421 1463 551 1517 Lips.)
584 1467 817 1506 intercedit.
869 1471 1107 1518 compensat
1137 1466 1304 1518 quidem
1334 1464 1454 1505 nobis
1487 1465 1669 1503 codicem

126 1535 164 1572 D
192 1533 237 1572 in
267 1533 462 1573 fasciculo
494 1535 518 1572 2
550 1548 684 1586 paene
716 1535 993 1582 deficientem,
1026 1548 1104 1573 nec
1134 1535 1269 1573 minus
1301 1535 1344 1573 in
1376 1533 1522 1573 eodem
1547 1534 1666 1572 fasci-

127 1601 218 1641 culo
249 1615 271 1640 v
299 1620 355 1634 =
385 1602 620 1642 Parisinum
651 1603 761 1642 8213
793 1603 947 1642 saeculi
967 1603 1081 1641 XIII
1111 1603 1154 1641 in
1186 1617 1401 1642 numerum
1434 1617 1457 1648 ς
1485 1603 1670 1642 codicum
1713 1610 1805 1638 codex
1825 1620 1841 1638 υ

126 1670 374 1723 recepimus,
414 1671 525 1723 quod
556 1685 582 1710 u
611 1673 655 1710 in
686 1672 873 1724 epistulis
911 1685 1076 1724 prorsus
1117 1671 1376 1711 deficientem
1410 1671 1669 1724 aliquantum

127 1744 377 1790 compensat.
437 1745 478 1778 et
508 1753 530 1777 r
561 1745 603 1778 et
633 1754 655 1778 v
686 1740 765 1792 ipsi
795 1740 1055 1779 contulimus.

240 1807 414 1847 Praeter
442 1803 536 1846 illos
574 1808 737 1847 codices
767 1808 837 1853 ,Ως
872 1808 940 1846 uel
972 1805 1115 1854 Ω’”ς”
1145 1801 1416 1860 permagnum
1455 1822 1670 1848 numerum

118 1875 314 1915 vcodicum
343 1876 410 1914 uel
440 1877 519 1929 ipsi
550 1876 797 1915 contulimus
828 1876 897 1915 uel
928 1875 978 1914 ab
1011 1876 1103 1915 aliis
1134 1877 1318 1915 conlatos
1341 1877 1592 1929 accepimus,
1626 1883 1671 1916 ut
1727 1931 1743 1957 d
1804 1930 1824 1956 p

1692 1939 1724 1958 CO
1748 1939 1783 1957 ex
1826 1938 1852 1956 e-

239 1939 598 1996 Petropolitanum
628 1943 760 1983 codici
781 1953 805 1981 6
835 1945 1019 1996 proxime
1041 1944 1225 1992 affinem,
1258 1951 1362 1984 teste
1387 1945 1467 1983 Ed.
1502 1945 1553 1984 de
1577 1946 1664 1984 Mu·
1679 1965 1874 2000 tropolitaaus

126 2012 230 2052 ralto
276 2008 388 2065 apud
435 2011 637 2052 Orellium
673 2012 966 2065 Baiterumque
1002 2014 1064 2060 X,
1105 2027 1149 2052 re
1187 2027 1287 2052 uera
1324 2014 1459 2052 XIIII
1505 2014 1669 2053 saeculi.

127 2081 238 2133 quod
269 2081 304 2120 si
336 2081 483 2121 decimi
513 2081 667 2120 saeculi
688 2081 851 2130 fuisset,
885 2087 1054 2134 propter
1075 2082 1318 2121 affinitatem
1340 2096 1430 2121 cum
1451 2090 1475 2118 6
1505 2082 1671 2120 maximi

130 2154 240 2188 certe
271 2149 417 2190 fuisset
439 2150 575 2202 pretii.
606 2154 790 2201 tempore
813 2148 963 2189 Gallici
984 2151 1101 2202 regni
1129 2151 1319 2190 conuersi
1349 2164 1400 2190 ex
1420 2150 1518 2189 fano
1539 2144 1672 2189 sancti

129 2217 326 2257 Germani
357 2218 412 2257 ad
442 2217 678 2270 Sequanam
708 2231 798 2257 cum
829 2218 910 2257 alia
940 2219 1097 2271 praeda
1117 2218 1360 2271 Petropolin
1381 2219 1562 2266 perlatus
1595 2224 1668 2266 est,

126 2285 198 2324 ubi
233 2284 496 2338 Augustus
535 2285 799 2325 Nauckius
840 2286 1075 2326 academiae
1113 2287 1267 2327 sodalis
1315 2287 1583 2339 epistularum
1628 2293 1669 2326 ct

126 2354 223 2393 artis
253 2355 440 2401 poeticae
471 2355 749 2393 conlationem
779 2354 956 2394 confecit
978 2355 1334 2407 diligentissimam
1356 2355 1668 2408 confectamque

126 2422 235 2461 dono
274 2422 393 2461 nobis
434 2422 560 2463 dedit.
621 2423 733 2475 quod
771 2423 962 2462 eximium
1002 2437 1100 2476 erga
1146 2438 1220 2463 nos
1258 2424 1504 2464 beneficium
1542 2425 1668 2477 gratis

126 2491 273 2530 animis
303 2491 381 2531 hac
411 2492 627 2531 occasione
660 2496 950 2532 contestamur.
1715 2512 1829 2538 codices

238 2559 426 2598 Duorum
446 2560 619 2599 aliorum
647 2558 844 2599 librorum
867 2558 1201 2613 (Bambergensis
1224 2567 1264 2600 et
1285 2559 1624 2612 Barcinonensis)
1649 2546 1876 2606 atgiasmgtergaorn:

126 2627 330 2667 nobismet
370 2628 479 2667 domi
516 2628 820 2667 accuratissime
859 2629 1131 2678 conlatorum,
1179 2644 1268 2668 cum
1313 2630 1437 2681 longe
1482 2630 1667 2681 plurimis
1687 2622 1851 2645 ⁰¹⁰⁰¹²⁰ns¹⁸

125 2695 225 2734 locis
255 2696 364 2735 inter
400 2709 444 2735 se
483 2697 785 2745 consentirent,
826 2696 975 2736 librum
1012 2697 1282 2751 archetypum
1321 2697 1521 2749 indagaro
1552 2701 1667 2750 pote-

126 2777 260 2803 ramus
290 2764 615 2817 indagatumque
646 2770 745 2804 nota
774 2762 820 2802 α’
849 2765 929 2804 iam
965 2767 1296 2818 signaueramus:
1337 2771 1519 2805 attamen
1558 2766 1666 2805 codi-
1688 2751 1793 2821 ¹1¹}ssssss
1797 2751 1874 2811 ‘2¹3⁰'

127 2830 240 2870 cibus
273 2845 296 2878 ς
324 2846 416 2872 eum
446 2834 627 2872 inserere
658 2838 877 2887 propterea
915 2833 966 2872 ab
997 2835 1175 2874 utilitate
1215 2834 1396 2873 alienum
1426 2834 1559 2873 uisum
1591 2840 1664 2883 est,
