1820 3094
172 143 255 186 104
729 158 887 186 nonni
919 157 1142 186 SERMONVM

282 283 402 311 carne
433 277 566 310 tamen
598 270 778 321 quamuis
808 269 929 310 distat
958 269 1034 316 nil,
1065 269 1141 310 hac
1171 270 1295 323 magis
1324 269 1434 311 illam
1463 299 1466 301 »
1596 318 1602 326 .

281 344 489 397 inparibus
519 344 656 384 formis
687 343 898 396 deceptum
930 348 968 383 te
999 348 1139 396 petere
1171 348 1267 383 esto.
1654 353 1699 385 30

283 417 386 457 unde
417 418 550 458 datum
582 419 724 463 sentis,
757 417 874 470 lupus
903 417 968 457 hic
997 417 1210 458 Tiberinus
1240 430 1290 458 an
1320 417 1399 458 alto

281 497 421 549 captus
451 491 555 532 hiet?
584 493 772 545 pontisne
801 492 907 532 inter
936 492 1103 532 iactatus
1134 504 1184 533 an
1216 493 1343 533 amnis

167 681 294 710 VARIA
323 682 491 709 LECTIO.

283 750 335 788 29
369 748 439 799 quzi
473 751 528 787 uis
558 749 667 787 DF).
687 750 741 799 (a)
771 752 935 800 quamuis
966 753 1068 802 Εγιι
1095 751 1228 802 (νσρν
1248 759 1282 788 et
1300 751 1341 803 β)
1361 753 1426 802 Pf.
1448 754 1541 791 Aer.
1574 754 1698 800 quiuis

167 808 235 844 Ac.
268 820 349 854 opp.
381 808 474 844 Acr.
507 808 604 844 omis.
636 808 735 856 Pph.
840 805 967 859 distat]
1000 809 1110 846 distet
1140 822 1165 847 u
1188 810 1335 859 y-Acr.
1367 805 1477 847 instat
1506 810 1542 848 D
1561 822 1626 858 pr.
1658 815 1701 849 ut

168 866 244 902 uid.
348 861 416 915 nil]
450 863 539 902 nihil
572 864 676 912 Ε(σ)
708 864 819 898 nichil
847 878 871 914 9
889 876 916 912 y
949 865 1059 899 nihilo
1092 866 1134 903 G.
1167 867 1384 916 Waynerus
1484 867 1551 904 hac
1580 867 1700 917 DEy

167 917 298 965 Fl'g'
329 921 397 970 hec
426 933 492 968 uy
524 921 590 955 hec
618 934 683 970 93!
768 918 903 972 magis]
936 922 1016 956 auis
1049 923 1204 960 Peerlk.
1298 922 1359 960 illa
1388 918 1612 974 Dym'ug
1637 923 1699 962 illa
1742 959 1748 965 .,

169 979 236 1028 Ey
256 990 343 1015 uar.
366 983 401 1026 ’ψ
422 991 510 1015 aar.
534 977 571 1025 (6
583 991 608 1028 9
629 985 661 1013 ει
681 976 720 1028 β)
742 979 834 1015 Aer.
865 979 938 1012 ista
959 991 986 1027 y
1010 976 1170 1030 [Eram]
1194 980 1255 1013 ina
1276 991 1317 1014 ac
1338 979 1699 1031 Hitziyius'³Carne

168 1040 287 1069 tamen
310 1035 375 1069 hac
395 1034 502 1082 (hanc
522 1035 667 1082 Porplz.
693 1031 798 1085 haef]
815 1034 943 1084 Porf.)
965 1036 1078 1081 magis
1099 1036 1194 1071 illam
1214 1042 1340 1083 petere
1368 1037 1558 1084 deceptum
1579 1036 1700 1088 (decg-
1716 1068 1725 1071 ,

168 1097 268 1138 ptum
290 1090 449 1139 Porplz.)
470 1091 662 1137 inparibus
692 1087 840 1136 formis,
865 1092 1033 1139 quamuis
1056 1093 1145 1127 nihil
1166 1093 1297 1136 distet,
1330 1093 1433 1128 esto'
1455 1091 1616 1143 Porph!
1634 1097 1700 1131 Ιιοσ

168 1150 276 1186 schol.
297 1149 333 1183 in
353 1145 514 1196 Porph.'
542 1155 621 1195 post
639 1150 711 1183 sch.
734 1151 781 1184 ad
800 1151 930 1186 uerba.-
960 1150 1134 1196 pontisne
1165 1151 1261 1185 inter
1281 1150 1438 1185 iactatus
1459 1149 1532 1200 (32)
1563 1155 1596 1188 οἳ
1617 1158 1701 1188 ante

167 1207 274 1241 schol.
305 1207 352 1240 ad
381 1207 508 1241 uerba.-
537 1206 730 1251 inparibus
761 1206 887 1240 formis
918 1206 996 1254 (30)
1026 1214 1136 1242 extat.
1197 1205 1344 1258 ‘Carne
1373 1211 1493 1242 tamen
1531 1209 1699 1255 quamuis

169 1262 308 1310 (quiuis
330 1261 380 1309 v).
417 1261 497 1296 Hoc
518 1262 788 1307 interrogatiue
810 1262 1115 1310 (interrogatione
1135 1259 1187 1311 ”ν).
1210 1264 1373 1298 Sensus:
1403 1264 1583 1306 Quamuis
1605 1265 1699 1301 enim

170 1320 237 1353 hoc
258 1318 389 1366 (om.v)
411 1330 522 1353 carne
543 1319 667 1363 distet,
691 1319 805 1364 magis
826 1324 943 1354 tamen
974 1320 1070 1354 illam
1090 1326 1125 1355 te
1146 1325 1271 1366 petere
1292 1323 1479 1367 (repetere
1499 1322 1542 1371 γ)
1562 1321 1700 1368 inpari-

169 1377 239 1411 bus
261 1375 431 1423 (tepetem
462 1375 614 1421 paribus
646 1376 682 1423 v)
712 1376 840 1410 formis
871 1377 1061 1423 deceptum
1092 1382 1171 1412 esto
1195 1389 1245 1410 ·1·
1275 1377 1356 1425 (om.
1377 1377 1415 1425 ν)
1446 1378 1699 1415 concedamus.

170 1433 255 1467 Non
286 1432 401 1466 distat
430 1432 551 1478 inquit
581 1433 646 1466 sed
678 1433 758 1467 ideo
789 1434 886 1479 petis
917 1434 1004 1480 quia
1033 1435 1147 1468 maior
1178 1433 1258 1468 est'
1291 1434 1359 1471 Ac.
1391 1435 1484 1472 Aer.
1573 1431 1698 1487 carne]

171 1489 292 1523 carnis
323 1488 529 1536 (nominat.)
565 1489 721 1526 Weilius
818 1502 927 1536 carpe
957 1495 1096 1536 tamen,
1128 1490 1295 1536 quamuis
1326 1491 1440 1525 distat
1469 1491 1577 1537 nihil,
1609 1492 1702 1527 hanc

169 1545 283 1590 magis
314 1545 395 1579 issa!
427 1546 717 1583 Praedicomius
746 1558 856 1581 carne
887 1550 1025 1591 tamen,
1057 1547 1224 1593 quamuis
1255 1547 1369 1581 distat
1398 1547 1468 1592 nil,
1500 1549 1566 1583 hac
1584 1549 1700 1594 magis

169 1601 231 1636 ilhi
263 1602 457 1639 Gesnerus
488 1613 596 1635 carne
626 1607 764 1646 tamen,
804 1603 971 1648 quamuis
1001 1604 1115 1638 distat
1145 1603 1232 1638 nihil
1264 1604 1346 1647 hac,
1389 1605 1504 1650 magis
1533 1605 1595 1639 illa
1624 1619 1698 1639 -ε

171 1660 240 1696 Fr,
271 1658 439 1696 Iacobus
470 1651 592 1692 Ca⁸rne
621 1662 758 1703 tamen,
799 1660 967 1705 quamuis
1005 1660 1118 1694 distat
1148 1660 1254 1705 nihil,
1294 1660 1360 1694 hac
1389 1661 1504 1706 magis
1534 1661 1596 1696 illa
1627 1675 1698 1696 —=

171 1714 390 1752 Haaclceus
420 1726 530 1748 carne
559 1718 678 1750 tamen
710 1716 878 1761 quamuis
909 1717 1024 1751 distat
1054 1717 1141 1751 nihil
1172 1717 1260 1751 haec
1288 1717 1404 1762 magis
1435 1717 1506 1766 (Ξ
1524 1718 1622 1764 lanx,
1652 1723 1697 1765 cs.

171 1773 270 1809 Ptin.
293 1775 374 1808 natss
397 1772 483 1809 hist.
506 1770 641 1809 XXXIII
666 1771 743 1810 146
765 1773 909 1821 Diyest.
932 1773 993 1810 XII
1015 1774 1053 1821 6,
1076 1773 1144 1812 36.
1174 1775 1221 1810 cl.
1257 1774 1371 1811 Varr.
1393 1775 1418 1811 Ζ.
1440 1776 1467 1812 Ζ.
1490 1774 1519 1810 V
1540 1773 1608 1823 25,
1631 1774 1700 1824 34)

168 1828 231 1862 illa
253 1839 392 1865 censor
415 1828 591 1865 lenensis
620 1841 656 1865 α.
681 1828 788 1867 1837
821 1841 931 1864 carne
961 1834 1078 1864 tamen
1110 1851 1181 1873 —,
1213 1830 1381 1876 quamuis
1412 1830 1526 1865 distat
1555 1831 1606 1866 nil
1635 1831 1702 1867 hac

169 1884 284 1929 magis
304 1884 378 1930 illa,
400 1883 599 1930 imparibus
620 1886 665 1922 A.
682 1886 856 1923 Moebius
877 1899 913 1920 c:
935 1891 967 1920 t:
990 1899 1031 1932 q:
1053 1886 1095 1921 d:
1117 1886 1168 1921 nil
1189 1886 1246 1920 hic
1265 1886 1380 1931 magis
1401 1887 1462 1921 illa
1483 1887 1700 1938 Cuninqha—

170 1952 255 1979 mus
283 1941 373 1975 nihil
402 1941 468 1975 hac
489 1941 604 1985 magis
634 1942 718 1986 illa,
750 1947 788 1977 et
818 1943 1051 1981 Sanadonus
1074 1943 1161 1978 nihil
1182 1943 1271 1978 haec
1293 1943 1408 1988 magis
1430 1944 1483 1978 illi
1517 1945 1702 1983 Valartus

171 1997 245 2046 (qui
270 2004 350 2044 post
378 2011 415 2034 u.
447 2000 492 2033 24
518 1999 620 2044 ponit
649 2001 742 2034 hunc
772 1998 822 2047 u.)
846 2009 963 2034 carne
994 2004 1112 2035 tamen
1144 2001 1310 2047 quamuis
1341 1999 1456 2034 distat
1485 2001 1594 2046 nihil,
1635 2002 1701 2037 hac

169 2055 284 2100 magis
321 2054 383 2088 illa
413 2055 660 2092 Kirchnerus
699 2067 809 2089 carne
847 2060 987 2099 tamen,
1027 2056 1195 2101 quamuis
1234 2057 1347 2091 distat
1385 2057 1475 2091 nihil
1513 2057 1580 2092 hac
1617 2058 1700 2093 auis
1762 2060 1769 2073 Χ

169 2111 231 2147 ill-„⁹2
254 2111 509 2158 Heindorfi'us
540 2109 867 2149 ‘carnemmenv
901 2112 1069 2158 quamuis
1100 2113 1214 2147 distat
1244 2113 1331 2147 nihil
1364 2113 1450 2148 haec
1471 2114 1588 2159 magis
1609 2113 1718 2149 illa?-

174 2189 222 2194 —
243 2168 290 2204 E.
303 2167 342 2205 C.
364 2167 600 2205 Franckeus
630 2179 740 2202 carne
770 2172 902 2213 tamen,
934 2170 1102 2215 quamuis
1133 2169 1265 2217 distat,
1296 2168 1355 2204 uis
1387 2170 1452 2204 hac
1482 2170 1596 2216 magis
1619 2170 1700 2206 illa:

171 2223 224 2262 H.
245 2225 279 2262 1.
300 2225 487 2261 Hellerus
517 2235 626 2258 carne
656 2228 775 2258 tamen
807 2226 974 2271 quamuis
1005 2226 1118 2260 distat
1149 2225 1217 2272 nil,
1257 2227 1348 2260 hanc
1385 2225 1461 2274 (uel
1487 2225 1598 2275 hunc)
1627 2239 1700 2262 ma—

171 2281 230 2325 gis
250 2279 313 2314 illa
332 2280 535 2325 imparibus
556 2281 683 2314 formis
704 2280 896 2327 deceptum
916 2286 954 2316 te
975 2286 1076 2328 patet
1095 2303 1143 2309 —-
1163 2287 1242 2316 esto
1267 2281 1336 2329 (Ξ
1349 2284 1391 2317 ab
1413 2282 1562 2331 edendo)
1583 2283 1700 2322 Simo·

171 2339 294 2375 nisius
324 2348 434 2371 carne
464 2341 581 2371 tamen
602 2337 769 2383 quamuis
790 2338 904 2372 distat
934 2338 984 2372 nil
1015 2339 1081 2373 hac
1111 2339 1224 2383 magis
1254 2337 1331 2382 illa,
1362 2340 1552 2385 inparibus
1572 2339 1700 2375 formis

171 2395 363 2439 deceptum
393 2398 431 2427 te
460 2392 595 2439 patet',
626 2394 878 2442 Hautkalius‚
909 2405 1065 2433 uersum
1085 2395 1137 2434 29
1160 2397 1275 2431 delent
1297 2396 1527 2435 Goerl‘itzius
1551 2403 1585 2432 et
1604 2397 1700 2434 Mei-

171 2451 310 2487 nelcius
344 2450 401 2484 cui
434 2456 622 2496 praeterea
658 2451 863 2486 inserendus
905 2458 986 2498 post
1028 2452 1090 2486 illa
1127 2453 1315 2488 uidebatur
1362 2465 1434 2487 esse
1451 2466 1592 2489 vuersus
1617 2457 1702 2499 sere

170 2509 241 2542 hic.-
271 2505 452 2550 delector3
482 2505 625 2551 pulchri
655 2507 743 2553 quid
774 2508 882 2541 habet
910 2508 1093 2542 Iunonius
1123 2508 1227 2543 ales?
1315 2508 1369 2546 30
1398 2509 1594 2559 Imparibus
1613 2522 1638 2560 γ
1660 2506 1700 2555 ς’

171 2562 357 2612 Inparibus
388 2558 616 2599 DEFz'u
651 2564 748 2610 Pph.
790 2565 866 2610 (sz
906 2564 986 2612 Pf.)
1115 2570 1153 2602 te
1190 2569 1289 2614 patet
1325 2561 1451 2603 Fz‘u
1474 2566 1581 2616 Dzy
1609 2578 1697 2604 aar.

173 2616 288 2669 (β’νσ
309 2631 413 2656 corr.
437 2619 472 2666 r)
501 2624 538 2655 te
567 2624 672 2668 patet
701 2620 737 2657 D
767 2626 803 2656 te
832 2627 956 2669 petere
986 2621 1052 2658 D1
1083 2626 1125 2659 ut
1154 2623 1230 2659 uid.
1261 2634 1286 2671 γ
1305 2627 1340 2668 ψ
1369 2634 1458 2659 uar.
1489 2621 1527 2670 (σ
1545 2634 1614 2670 pr.
1637 2634 1701 2671 ay

174 2683 205 2711 et
226 2675 251 2725 β
274 2674 393 2722 corr.)
411 2672 570 2723 Porph!
587 2675 669 2723 (om.
686 2675 736 2724 te)
758 2677 849 2714 Acr.
873 2677 1043 2726 depetere
1064 2679 1103 2715 Ε
1120 2677 1308 2727 (deperere
1328 2678 1367 2714 E
1379 2677 1407 2724 1)
1481 2678 1533 2716 31
1556 2675 1697 2729 datum]
1715 2672 1719 2674 “

174 2738 292 2766 autem
323 2733 477 2769 Peerlk.
499 2745 580 2779 opp.
602 2733 671 2770 Ac.
703 2737 822 2769 ratum
852 2734 1084 2772 Franckeus
1108 2747 1188 2781 opp.
1219 2734 1288 2771 Ac.
1377 2731 1440 2784 an]
1471 2736 1508 2771 in
1538 2733 1640 2782 F(et
1659 2732 1700 2783 β)

172 2801 198 2835 y
237 2801 316 2835 opp.
356 2794 390 2836 ψ
435 2801 522 2825 aar.
563 2786 664 2827 cett!
789 2792 831 2824 de
869 2785 1029 2837 Porphs
1058 2792 1138 2826 uide
1177 2802 1318 2838 appar.
1359 2792 1412 2827 ad
1447 2803 1484 2828 u.
1517 2790 1569 2828 29

175 2844 227 2901 32
259 2846 379 2894 pontis
411 2846 445 2882 D
468 2856 477 2880 1
502 2850 542 2883 ut
563 2848 637 2885 uid.
662 2847 700 2885 E
713 2859 737 2897 γ
756 2845 795 2893 (v
805 2845 894 2896 aql)
914 2859 939 2895 y
963 2844 1145 2898 [Barcin.
1161 2847 1336 2888 'Gronouv
1361 2858 1371 2883 ι
1396 2851 1438 2886 ut
1458 2848 1534 2886 uid.
1557 2847 1696 2902 Mellic.
