1890 3106
764 138 847 165 Lm.
880 139 914 165 11
940 138 972 172 1,
996 137 1136 164 226—248
1644 124 1729 168 305

302 249 370 289 sed
402 249 525 290 ueluti
556 254 718 290 tractata
752 254 884 290 notam
916 249 1126 304 labemque
1155 252 1367 292 remittunt
1660 257 1728 290 235

302 329 542 371 atramenta,
576 324 661 364 fere
692 325 909 377 scriptores
940 326 1118 366 carmine
1149 325 1267 365 foedo

301 398 509 452 splendida
542 399 643 439 saeta
674 398 817 439 linunt.
878 399 983 440 idem
1014 411 1086 439 rex
1115 398 1201 446 ille,
1233 412 1377 452 poema

303 474 370 525 qui
400 478 478 513 tam
510 472 723 514 ridiculum
756 479 835 514 tam
868 486 961 515 care
991 473 1184 527 prodigus
1216 476 1328 521 emit,

302 547 431 588 edicto
465 548 607 593 uetuit,
644 549 788 599 nequis
818 560 861 588 se
892 552 1053 599 praeter
1082 547 1247 601 Apellen

300 623 485 675 pingeret
508 608 581 661 ⁴aut
611 619 711 660 alius
741 621 914 674 Lysippo
946 621 1112 662 duceret
1141 634 1232 663 aera
1660 631 1729 663 240

300 696 413 736 sortis
443 694 658 735 Alexandri
687 694 838 735 uoltum
868 695 1105 737 simulantia.
1169 696 1311 748 quodsi

298 769 487 811 iudicium
516 768 662 810 subtile
693 769 880 810 uidendis
910 769 1063 811 artibus
1093 770 1190 810 illud

299 844 347 884 ad
377 843 502 884 libros
533 849 573 883 et
602 844 650 884 ad
681 844 781 884 haec
810 843 1012 884 Musarum
1045 844 1149 885 dona
1180 858 1367 894 uocares,

299 919 491 959 Boeotum
523 920 563 959 in
595 930 729 959 crasso
759 919 916 959 iurares
947 931 1039 959 aere
1070 925 1219 962 natum.

298 998 337 1032 at
366 1005 498 1046 neque
529 992 771 1034 dedecorant
801 998 868 1034 tua
898 993 948 1033 de
979 1006 1021 1034 se
1051 994 1197 1035 iudicia
1230 1000 1348 1049 atque
1658 1003 1725 1035 ⁶245

298 1079 484 1114 munera,
518 1079 618 1121 quae
649 1067 769 1108 multa
800 1067 930 1108 dantis
960 1080 1050 1108 cum
1083 1068 1198 1109 laude
1231 1069 1409 1110 tulerunt

298 1141 431 1182 dilecti
462 1140 535 1181 tibi
566 1140 764 1193 Vergilius
795 1142 1014 1193 Variusque
1043 1149 1206 1196 poetae,

298 1229 370 1256 nec
402 1216 527 1268 magis
558 1218 735 1269 expressi
766 1216 928 1257 *uoltus
958 1229 1030 1270 per
1061 1229 1183 1258 aenea
1213 1218 1347 1276 signa,

181 1333 450 1361 TESTIMONIA.

271 1378 463 1410 248—250
488 1377 594 1410 ‘Non
618 1387 717 1411 m:—-
744 1376 794 1409 cl:
822 1376 1034 1420 appellant’
1061 1377 1217 1422 florileg.
1243 1378 1477 1413 Nostradam.

179 1471 309 1500 vAmA
338 1471 507 1499 LEc'rlo.

323 1517 405 1555 235
443 1518 506 1554 Set
543 1529 566 1566 γ
603 1516 674 1553 Sed
714 1511 891 1561 cett.';''
925 1514 1040 1565 Pplc!
1234 1518 1314 1556 236
1354 1519 1438 1556 sedo
1471 1515 1544 1558 λέ

180 1575 261 1614 237
293 1574 380 1624 Sple
402 1587 411 1611 ε
434 1587 442 1610 :
464 1587 473 1610 z
499 1573 556 1610 ida
586 1573 678 1610 facta
701 1586 709 1610 ε
732 1586 741 1609 :
764 1586 772 1609 :
795 1579 887 1612 nunt
918 1586 935 1611 ε
1054 1574 1135 1613 238
1167 1575 1323 1613 ridiculi]
1354 1589 1371 1613 ε
1459 1577 1549 1612 kare
1576 1589 1603 1625 y
1628 1575 1720 1629 [Pe-

179 1628 366 1682 tropeum]
467 1631 547 1669 239
580 1631 709 1679 nequis
740 1633 797 1666 uel
827 1642 873 1668 ne
904 1632 985 1680 quis
1006 1625 1133 1676 52'30
1166 1644 1211 1666 ne
1242 1633 1306 1678 qui
1329 1633 1630 1684 Οαηίηρήαηηιε,
1660 1638 1722 1671 scd

177 1695 223 1736 qs.
244 1690 344 1727 Plin.
366 1693 448 1726 nat.
470 1689 558 1726 hist.
577 1687 633 1724 Vll
657 1687 737 1725 125
753 1689 820 1725 D.:
845 1686 954 1733 ‘idem
977 1689 1035 1723 hic
1054 1689 1255 1736 imperator
1276 1690 1402 1735 edixit,
1426 1704 1472 1726 ne
1493 1692 1579 1738 quis
1601 1692 1721 1738 ipsum

177 1747 272 1785 alius
303 1758 411 1792 qnam
441 1745 589 1791 Apelles
627 1745 820 1790 pingeret,
863 1757 971 1791 quam
1000 1746 1224 1792 Pyrgoteles
1264 1747 1466 1793 scalperet,
1506 1760 1613 1796 quam
1643 1750 1721 1794 Ly-

178 1805 309 1850 sippus
341 1816 384 1837 ex
416 1814 501 1837 aere
532 1800 708 1836 duceret'
798 1807 922 1851 preter
951 1815 975 1852 γ
999 1805 1019 1840 λ
1105 1802 1305 1856 apellentss
1332 1805 1354 1841 λ
1385 1805 1537 1854 apellem
1558 1807 1580 1842 λ
1611 1818 1717 1844 corr.

177 1861 204 1909 (l
225 1874 250 1897 v
272 1867 304 1896 et
324 1859 464 1907 Fran.)
485 1872 511 1908 y
541 1857 683 1907 apellen
714 1864 802 1896 cett.
827 1855 869 1903 ς’
889 1859 913 1906 (l
931 1872 974 1907 p.
997 1872 1079 1898 ras.
1104 1867 1137 1896 ct
1157 1859 1197 1910 β)
1228 1862 1398 1908 appellen
1418 1875 1444 1911 9
1540 1863 1623 1903 240
1653 1863 1721 1900 du-

177 1915 295 1968 ceret]
329 1917 482 1951 cuderet
511 1917 718 1953 Lambinus
749 1916 876 1954 Bentl.
909 1922 955 1962 (ff.
988 1918 1127 1967 Veryil.
1160 1918 1254 1955 Aen.
1287 1918 1346 1955 Vll
1369 1918 1469 1957 634:
1506 1918 1594 1954 ‘aut
1624 1921 1719 1955 leuis

178 1987 306 2010 ocreas
328 1974 427 2009 lento
449 1973 591 2007 ducunt
611 1978 767 2017 argento
782 1974 794 1991 '
882 1985 964 2011 aera
982 1971 1111 2019 ,Ω’ς”
1133 1987 1195 2009 era
1214 1988 1238 2024 9
1259 1987 1345 2010 aere
1365 1988 1390 2023 y
1409 1972 1565 2026 [Reyz'n.
1589 1974 1620 2028 1]
1646 1978 1718 2015 Cu-

177 2033 305 2082 m‘nyk.
423 2030 503 2067 241
536 2029 679 2066 uoltum
709 2043 733 2079 γ
754 2031 792 2067 F
809 2024 849 2067 λ’
878 2027 976 2078 (n'd
994 2044 1016 2068 r
1039 2030 1066 2079 1)
1086 2044 1112 2080 y
1133 2028 1273 2082 [Gron.
1310 2029 1436 2084 Voss]
1469 2034 1613 2071 uultum
1644 2035 1683 2072 Ε
1701 2045 1719 2071 ε

177 2084 265 2139 (β’σ
286 2102 309 2126 α
329 2101 354 2138 9
375 2101 397 2125 r
416 2100 432 2125 2
454 2083 493 2136 v)
568 2086 766 2121 similantia
785 2088 988 2126 Pontanus
1076 2088 1157 2125 242
1181 2089 1350 2126 iuditium
1382 2091 1421 2127 Ε
1437 2103 1461 2140 y
1482 2103 1513 2139 φ
1581 2091 1718 2137 suptile

175 2147 241 2195 Pf.
271 2146 384 2194 Por-f.
505 2143 594 2182 illvd
623 2156 647 2193 γ
786 2143 867 2182 243
899 2145 1032 2183 liberos
1063 2158 1081 2183 ε
1191 2146 1234 2183 ad
1265 2147 1333 2184 hec
1364 2146 1385 2183 λ
1415 2147 1533 2185 adhue
1563 2160 1580 2185 ε

177 2202 259 2240 244
289 2203 464 2240 Boeotum
496 2214 519 2251 γ
539 2201 578 2249 (α
600 2214 623 2237 r
644 2199 672 2248 1)
702 2201 852 2238 Boetum
885 2203 924 2239 Ε
950 2207 992 2240 ut
1022 2204 1100 2240 uid.
1132 2203 1170 2240 F
1189 2199 1331 2248 λέ’ς”
1432 2200 1591 2256 ἰη]’άεὶ.
1626 2206 1717 2243 Gla-

176 2270 324 2298 reanus
409 2257 585 2310 iussrares
615 2271 639 2308 γ
756 2257 836 2296 245
868 2260 914 2296 At
946 2254 1055 2304 52'3'
1076 2257 1192 2308 Pph!
1212 2262 1331 2299 schol.
1356 2260 1395 2296 Γ
1420 2261 1475 2296 Ad
1500 2270 1523 2298 σ
1554 2264 1607 2297 Αο
1636 2259 1716 2313 β’,ῃ

175 2319 265 2357 coni.
298 2317 583 2365 Cuninylzamus
682 2315 809 2352 iuditia
840 2317 878 2353 Ε
982 2316 1063 2356 246
1096 2317 1214 2355 tulere
1245 2317 1266 2354 λ
1297 2329 1419 2367 corr.⁹
1451 2318 1471 2354 λ
1499 2332 1561 2368 pr.
1594 2320 1717 2357 tulerr

175 2402 230 2416 ==
261 2385 420 2422 tulerum
450 2382 563 2433 (tulef
597 2399 655 2416 :=
684 2383 853 2418 tulerunt
880 2384 908 2432 l)
1051 2385 1132 2422 247
1167 2382 1249 2437 tibi]
1283 2388 1344 2424 tui'
1367 2388 1406 2424 Ε
1433 2393 1474 2425 ut
1503 2390 1580 2426 uid.

177 2442 358 2487 uergilius
388 2434 465 2489 13‘31
494 2437 653 2489 Porph!
684 2440 851 2490 uirgilius
881 2436 944 2478 52'
966 2437 1004 2486 ς’
1027 2443 1146 2481 schol.
1178 2442 1217 2478 Γ
1319 2446 1440 2481 uarius
1472 2447 1511 2482 Ε
1527 2459 1551 2497 γ
1571 2445 1610 2494 (a
1631 2459 1656 2496 9
1684 2454 1717 2483 et

175 2500 279 2548 Lips.
300 2510 316 2536 2
338 2499 362 2537 3
385 2500 490 2536 codd.
527 2496 683 2546 Bland.)
704 2496 851 2545 Porplz.
885 2510 992 2536 uarus
1023 2500 1061 2536 F
1077 2496 1144 2536 λέ
1168 2496 1221 2544 ς”
1243 2500 1291 2547 (et
1323 2500 1365 2549 V)
1384 2503 1498 2551 Porf.

341 2566 344 2570 ·
483 2555 622 2592 INDE
648 2556 720 2592 AB
751 2555 857 2593 HOC
898 2556 1076 2594 VERSV
1102 2557 1328 2596 DEFICIT
1352 2571 1376 2607 y
1398 2570 1411 2596 1

288 2609 350 2650 ,ΩΧ
371 2627 429 2645 =
456 2614 494 2650 Ε
511 2609 604 2649 FL'
626 2611 661 2660 (λ
678 2611 706 2659 l)
731 2623 770 2653 ε;
801 2609 860 2656 ς”
889 2627 947 2646 :2
976 2618 1044 2651 aut
1074 2626 1204 2652 omnes
1235 2617 1345 2653 codd.
1372 2612 1419 2666 β’
1440 2615 1481 2667 (β
1502 2617 1641 2665 Fran.)
1663 2614 1715 2654 π’

175 2670 218 2716 (π
238 2669 357 2718 Lips.)
379 2678 402 2706 6
423 2684 447 2707 α
469 2671 495 2707 d
511 2683 534 2718 9
556 2683 578 2706 r
599 2682 623 2706 v
650 2668 690 2717 (l)
722 2673 790 2706 aut
810 2670 946 2708 horum
967 2672 1076 2709 codd.
1097 2683 1144 2709 ea
1161 2684 1263 2720 pars
1283 2683 1335 2710 ew
1355 2674 1492 2721 quibus
1513 2686 1589 2712 non
1611 2677 1716 2713 aliae

173 2730 356 2766 lectiones
387 2731 594 2770 notamur,-
626 2739 648 2771 ς
675 2741 732 2758 =
762 2731 830 2764 aut
861 2739 990 2766 omnes
1019 2730 1128 2766 codd.
1150 2737 1174 2764 σ
1196 2742 1219 2766 α
1240 2731 1267 2766 d
1282 2742 1307 2778 9
1328 2743 1350 2766 r
1370 2742 1395 2766 v
1416 2729 1457 2778 (l)
1479 2735 1548 2768 aut
1576 2732 1714 2770 horum

176 2786 283 2822 codd.
316 2795 362 2822 ca
388 2796 488 2832 pars
519 2795 570 2822 ex
600 2785 738 2834 quibus
768 2796 844 2822 non
875 2787 978 2823 aliae
1006 2787 1192 2824 lectiones
1222 2791 1409 2824 notantur

290 2864 371 2902 248
403 2863 502 2912 exfisi
531 2875 548 2900 ε
637 2864 762 2902 uultus
783 2861 844 2901 52'
860 2859 900 2911 ς’
925 2867 1012 2914 flore.
1036 2866 1168 2904 Nostr.
1190 2847 1314 2915 (uultu8
1332 2866 1375 2917 π)
1473 2879 1561 2906 enea
1592 2870 1631 2908 E
