1890 3106
552 772 851 828 ADDENDA
892 772 965 844 ET
1003 771 1395 827 CORRIGENDA

190 1040 225 1076 p.
287 1027 310 1064 2
342 1044 397 1058 =
429 1032 517 1064 text.
550 1038 658 1063 serm.
690 1027 702 1064 l
735 1028 773 1074 1,
806 1027 829 1064 6
860 1038 927 1076 pro
958 1027 1088 1064 austris
1119 1026 1193 1075 leg.
1225 1027 1366 1063 Austris

189 1108 222 1143 p.
285 1096 308 1132 3
338 1112 394 1126 =
426 1100 513 1132 text.
547 1107 655 1132 serm.
688 1095 701 1132 l
734 1096 772 1142 1,
804 1094 859 1133 20
887 1094 1133 1144 recipiendum
1164 1100 1240 1130 crat
1271 1090 1488 1142 *causaesh

189 1175 224 1211 p.
287 1164 311 1200 6
342 1180 397 1193 Ξ
428 1175 549 1212 appar.
585 1175 691 1200 serm.
725 1163 736 1199 Ι
771 1163 807 1210 1,
839 1163 890 1200 57
923 1168 1005 1199 ante
1026 1158 1277 1212 copiajusto]
1308 1173 1395 1211 pon.
1428 1161 1658 1199 interuallum

188 1243 224 1279 p.
287 1231 309 1271 7
343 1248 398 1261 =
429 1243 550 1280 appar.
582 1242 688 1267 serm.
725 1231 734 1267 Ι
770 1232 807 1278 1,
839 1230 891 1268 62
923 1236 1007 1279 post
1037 1227 1148 1267 cett.'‘
1179 1230 1259 1267 add.
1290 1235 1325 1278 ψ
1356 1242 1443 1267 uar.
1509 1259 1513 1263 Α

189 1311 224 1347 p.
261 1299 313 1337 10
343 1316 398 1329 =
429 1305 516 1336 text.
549 1310 657 1335 serm.
689 1299 702 1334 1
736 1299 772 1347 1,
803 1299 854 1337 97
886 1310 953 1348 pro
985 1299 1148 1347 adusque
1178 1298 1251 1347 leg.
1283 1298 1326 1334 ad
1358 1309 1494 1347 usqne3
1525 1299 1612 1344 itexm
1641 1297 1680 1346 5,
1703 1298 1756 1337 96

188 1379 222 1415 p.
257 1367 304 1403 11
340 1379 407 1416 pro
438 1367 521 1403 LIB.
557 1368 596 1414 1,
628 1366 823 1404 96-115
854 1367 926 1416 leg.
957 1366 1039 1403 LIB.
1070 1367 1084 1402 I
1118 1366 1155 1414 1,
1187 1365 1382 1404 96—115

218 1434 304 1471 ibid.
337 1452 392 1466 =
423 1440 512 1472 text.
544 1445 651 1471 serm.
683 1434 693 1470 l
727 1435 773 1483 1,
807 1435 886 1472 113
917 1446 984 1484 pro
1016 1440 1138 1483 opstat
1166 1433 1240 1482 leg.
1274 1432 1426 1483 *opstat

214 1502 299 1539 ibid.
336 1519 391 1533 =
422 1514 542 1551 appar.
575 1513 683 1539 serm.
717 1503 728 1538 l
764 1503 808 1550 1,
841 1502 920 1541 108
951 1514 1019 1552 pro
1050 1503 1066 1539 Ι
1097 1515 1143 1537 ne
1173 1505 1214 1548 1⁹13
1244 1502 1317 1551 leg.
1348 1502 1363 1537 1
1395 1514 1440 1536 ne
1469 1499 1545 1549 133²-

188 1583 225 1619 p.
260 1570 311 1607 12
343 1587 398 1601 =
430 1582 550 1620 appar.
583 1582 690 1608 serm.
722 1570 736 1606 1
766 1569 790 1607 2
825 1571 918 1610 titul.
950 1582 1018 1619 pro
1048 1574 1100 1609 iz'n
1131 1571 1205 1620 leg.
1236 1573 1275 1606 in

185 1651 220 1687 p.
255 1639 306 1676 15
337 1655 392 1669 =
424 1645 511 1676 text.
543 1650 653 1676 serm.
685 1638 698 1674 1
729 1638 775 1685 2,
808 1638 860 1676 26
892 1650 958 1687 pro
991 1638 1185 1675 obscenum
1218 1638 1290 1687 leg.
1323 1648 1519 1686 opscenum

186 1719 221 1754 p.
257 1707 308 1744 19
339 1723 394 1737 =
427 1711 515 1743 text.
548 1718 656 1743 serm.
689 1707 702 1743 1
734 1706 779 1754 2,
812 1706 863 1743 72
895 1718 963 1755 pro
994 1706 1113 1755 puella
1145 1712 1201 1742 est
1231 1706 1303 1755 leg.
1338 1705 1526 1754 *puellast

186 1786 218 1822 p.
253 1773 306 1812 20
335 1791 390 1804 =
421 1786 543 1824 appar.
576 1786 682 1812 serm.
714 1775 727 1810 1
758 1766 805 1822 2,
838 1774 890 1812 78
921 1786 988 1823 pro
1020 1774 1057 1820 (r
1087 1781 1120 1810 et
1148 1773 1174 1824 β
1204 1774 1275 1822 leg.
1308 1786 1330 1809 r
1359 1773 1407 1822 (et
1435 1771 1476 1823 β)

185 1854 221 1890 p.
255 1842 308 1880 23
339 1860 393 1873 Ξ
425 1854 546 1891 appar.
579 1853 685 1879 serm.
717 1843 730 1878 Ι
762 1841 809 1889 2,
842 1843 919 1878 111
953 1848 1061 1891 post
1091 1837 1580 1890 pelliDEyFl'nnteu
1602 1838 1759 1879 adde&

186 1923 222 1959 p.
256 1910 308 1948 25
341 1927 396 1940 Ξ
430 1916 516 1947 text.
550 1921 658 1947 serm.
692 1909 704 1946 1
735 1909 783 1958 2,
818 1910 896 1948 133
927 1922 994 1959 pro
1027 1910 1117 1946 sama
1148 1910 1222 1959 leg.
1254 1909 1346 1947 sama

213 1978 303 2015 ibid.
335 1996 390 2009 =
420 1989 540 2027 appar.
572 1990 678 2015 serm.
709 1978 721 2014 1
755 1978 800 2026 2,
835 1978 914 2016 133
946 1990 1012 2027 pro
1025 1977 1130 2027 ‘suga
1161 1978 1234 2027 leg.
1267 1978 1354 2027 suga

188 2059 223 2095 p.
258 2046 310 2084 26
341 2063 396 2077 Ξ
427 2048 563 2084 testim.
602 2058 710 2084 serm.
739 2046 753 2082 Ι
792 2046 835 2088 3,
869 2047 892 2084 7
931 2047 1040 2083 adde:
1081 2046 1103 2083 7
1143 2045 1212 2080 ede
1243 2057 1316 2092 quo
1349 2056 1480 2091 supra:
1518 2045 1554 2079 io
1586 2045 1752 2080 Bacche’

256 2113 268 2126 ⁸
297 2115 411 2153 schol.
442 2128 466 2164 y
497 2127 604 2151 serm.
637 2115 650 2151 I
683 2115 726 2161 9,
760 2114 813 2151 25

185 2195 220 2231 p.
253 2182 304 2220 27
336 2200 392 2214 Ξ
424 2189 512 2220 text.
545 2194 654 2220 serm.
683 2182 697 2218 1
729 2182 776 2230 3,
809 2181 860 2220 25
893 2188 978 2231 post
1008 2182 1167 2219 inunctis
1198 2181 1286 2218 udde
1317 2181 1389 2218 (luo
1418 2187 1551 2230 puncta

185 2263 222 2300 p.
255 2250 307 2289 28
339 2268 395 2281 Ξ
425 2252 559 2289 testim.
591 2262 699 2287 serm.
732 2251 745 2286 I
776 2251 823 2298 3,
856 2250 908 2288 26
939 2262 994 2299 sq.
1025 2257 1111 2299 post
1141 2250 1276 2284 dicitur
1305 2249 1395 2286 adde
1423 2254 1598 2299 punctum

183 2332 220 2367 p.
254 2318 305 2357 29
337 2336 392 2350 Ξ
423 2325 512 2356 text.
545 2330 653 2355 serm.
692 2318 704 2356 1
735 2318 779 2365 3,
813 2318 864 2355 37
898 2330 965 2367 pro
997 2318 1173 2367 neglectis
1204 2317 1375 2355 neclectis
1406 2323 1482 2354 erat
1512 2315 1755 2366 recipiendum

183 2400 218 2436 p.
251 2388 303 2426 32
335 2405 390 2418 Ξ
422 2393 510 2425 text.
544 2399 650 2424 serm.
681 2386 694 2422 l
726 2386 773 2433 3,
806 2386 858 2423 75
890 2391 974 2434 post
1004 2397 1132 2422 rursus
1161 2385 1251 2422 adde
1281 2390 1455 2434 punctum
1612 2377 1614 2379 ¹

183 2468 218 2504 p.
251 2456 304 2494 33
334 2473 390 2486 Ξ
420 2461 509 2492 text.
541 2466 649 2491 serm.
681 2454 695 2490 1
727 2454 772 2501 3,
806 2454 857 2491 79
888 2465 955 2502 pro
988 2465 1152 2503 quaeque
1182 2459 1239 2490 est
1268 2453 1343 2502 leg.
1374 2451 1607 2502 *quaequest

183 2536 217 2571 p.
250 2523 303 2561 34
333 2541 388 2554 =
419 2528 507 2561 text.
539 2534 648 2560 serm.
681 2522 692 2558 Ι
724 2523 772 2569 3,
803 2522 856 2559 89
888 2533 955 2570 pro
987 2523 1151 2570 captiuus
1182 2522 1253 2570 leg.
1285 2518 1457 2570 *captius

214 2591 298 2628 ibid.
329 2609 385 2622 =
415 2596 504 2628 text.
537 2601 648 2627 serm.
678 2590 691 2625 Ι
722 2590 769 2638 3,
803 2590 852 2627 91
885 2595 970 2638 post
1000 2601 1076 2626 rem
1107 2589 1177 2626 del.
1209 2600 1346 2626 comma

185 2671 219 2707 p.
253 2659 304 2697 37
330 2677 386 2690 Ξ
416 2666 506 2696 text.
537 2670 645 2695 serm.
677 2658 690 2694 1
722 2658 769 2706 3,
803 2657 884 2695 140
914 2669 980 2706 pro
1011 2658 1040 2693 si
1072 2656 1159 2705 quid
1189 2656 1262 2706 leg.
1295 2656 1414 2705 siquid

213 2727 297 2764 ibid.
330 2745 385 2758 =
416 2733 504 2764 text.
537 2738 644 2763 serm.
677 2727 689 2762 Ι
720 2726 770 2774 4,
803 2726 826 2762 2
859 2738 924 2774 pro
956 2727 1118 2762 uirorum
1150 2730 1205 2761 est
1235 2724 1318 2773 lege
1347 2721 1579 2760 *uirorumst

212 2794 294 2831 ibid.
326 2813 380 2825 =
414 2797 547 2831 testim.
579 2806 687 2833 serm.
718 2794 731 2830 Ι
763 2794 809 2840 3,
843 2794 921 2831 133
954 2806 1008 2842 sq.
1042 2793 1157 2829 addes
1191 2794 1256 2828 133
1286 2804 1342 2837 sq.
1384 2792 1431 2827 cf.
1462 2790 1616 2825 Persius
1657 2802 1688 2827 s.
1722 2793 1752 2835 1,

299 2865 388 2899 133:
421 2853 684 2907 esi(J{f11ico
717 2863 894 2895 barbam
926 2861 1150 2907 petulans
1184 2860 1335 2894 nonaria
1366 2857 1534 2892 uellat’
