1890 3106
745 159 828 186 ΜΒ.
861 158 895 185 11
927 158 954 191 1,
979 156 1118 195 195—225
1636 142 1719 184 303

293 282 338 309 ac
370 283 422 310 ne
453 271 555 310 sorte
586 275 702 323 putes
734 283 822 316 me,
856 274 956 321 quae
987 270 1119 310 facere
1150 271 1235 322 ipse
1267 281 1469 313 recusem,

294 357 386 384 cum
418 350 530 385 recte
563 350 734 384 tractent
763 344 851 389 alii,
884 343 1049 384 laudare
1080 343 1272 394 maligne:

293 418 361 458 ille
391 431 462 471 per
495 424 699 459 extentum
730 419 865 458 funem
899 418 996 457 mihi
1026 429 1143 470 posse
1175 417 1332 457 uidetur
1654 423 1723 454 210

293 494 352 533 ire
384 498 522 546 poeta,
555 505 687 533 meum
720 493 785 544 qui
817 497 956 544 peetus
986 492 1160 531 inaniter
1191 492 1319 541 angit,

295 567 450 612 inritat,
484 566 650 613 mulcet,
682 565 794 606 falsis
826 565 1047 606 terroribus
1077 564 1235 618 implet,

294 646 337 680 ut
367 653 524 693 magus,
559 647 598 681 et
629 641 747 680 modo
778 653 841 679 me
872 639 1022 679 Thebis
1053 639 1171 679 modo
1201 640 1315 691 ponit
1344 639 1520 679 Athenis,

296 727 433 755 uerum
465 727 537 766 age
570 720 609 754 et
638 714 717 759 his,
754 715 822 766 qui
853 727 896 754 se
927 714 1068 754 lectori
1099 713 1267 753 credere
1298 712 1450 753 malunt

295 801 412 841 quam
445 790 682 841 spectatoris
713 788 871 829 fastidia
904 788 1010 828 serre
1041 787 1225 841 superbi,
1656 793 1723 825 215

296 876 431 903 curam
465 863 589 903 redde
621 863 808 907 breuem,
843 864 875 902 si
906 875 1051 903 munus
1082 862 1262 915 Apolline
1295 862 1459 914 dignum

299 939 359 977 uis
390 938 593 990 complere
624 937 738 977 libris
770 941 808 976 et
839 923 997 976 uatibus
1026 936 1172 976 addere
1204 936 1353 982 calcar,

298 1017 341 1050 ut
371 1011 502 1052 studio
532 1012 684 1051 maiore
714 1016 852 1063 petant
881 1010 1074 1051 Helicona
1105 1012 1315 1051 uirentem.

299 1084 420 1126 multa
452 1085 613 1138 quidem
645 1085 762 1125 nobis
792 1086 960 1125 facimus
990 1084 1092 1125 mala
1125 1097 1244 1138 saepe
1275 1090 1417 1137 poetae

300 1160 356 1210 (ut
388 1161 519 1200 uineta
553 1166 710 1212 egomet
741 1160 902 1200 caedam
933 1159 1058 1213 mea),
1093 1172 1184 1199 cum
1216 1159 1287 1199 tibi
1320 1159 1464 1199 librum
1658 1167 1725 1198 220

299 1234 467 1275 sollicito
499 1234 638 1274 damus
669 1240 736 1274 aut
766 1235 890 1279 sesso;
923 1247 1014 1274 cum
1046 1233 1260 1280 laedimur,
1292 1246 1414 1273 unum

298 1309 421 1359 siquis
452 1310 670 1349 amicorum
703 1314 764 1348 est
795 1320 912 1348 ausus
942 1308 1244 1361 reprehendere
1275 1321 1460 1355 uersum;

300 1395 391 1422 cum
424 1383 508 1423 loca
542 1384 616 1423 iam
650 1384 814 1423 recitata
846 1382 1095 1423 reuoluimus
1125 1384 1366 1428 inreuocat13

301 1468 390 1496 cum
421 1456 686 1498 lamentamur
718 1469 798 1496 non
830 1469 1026 1509 apparere
1057 1456 1214 1497 labores

301 1535 460 1571 nostros
493 1536 531 1571 et
563 1532 673 1593 tenui
704 1531 871 1571 deducta
903 1537 1088 1584 poemata
1119 1530 1207 1576 fi10;
1661 1540 1727 1571 225

186 1647 455 1674 TESTIMONIA.

299 1697 492 1729 210-213
518 1696 673 1738 florileg.
700 1696 933 1728 Nostradam.
1061 1698 1128 1729 217
1154 1699 1215 1729 ‘et
1240 1696 1390 1729 uatibus
1415 1696 1553 1729 addere
1581 1697 1727 1730 calcar’

187 1742 402 1775 Priscianus
427 1741 546 1774 instit.
572 1742 623 1775 VI
647 1743 684 1779 6,
710 1743 748 1773 31
852 1743 1046 1774 221--225
1073 1743 1198 1774 ‘Nunc
1223 1741 1378 1774 ledimur
1401 1760 1445 1764 —
1469 1742 1549 1775 filo’
1574 1743 1727 1786 florileg.

186 1786 421 1822 Nostradam.
543 1788 610 1819 225
637 1790 696 1818 ‘et
721 1787 813 1819 alibi
837 1787 876 1819 in
901 1787 1092 1820 Honorato
1118 1787 1187 1829 (sic
1212 1798 1277 1830 pro
1293 1787 1487 1830 IIoratio):
1515 1789 1644 1822 subtili
1666 1790 1727 1822 de·

188 1833 301 1865 ducta
329 1835 501 1875 poemata
531 1832 612 1864 filo’
648 1832 759 1867 schol.
791 1832 900 1865 Ouid.
930 1843 1043 1865 amor.
1078 1834 1094 1865 1
1128 1834 1188 1875 14,
1216 1834 1241 1865 7'
1267 1833 1366 1876 apud
1396 1834 1646 1867 Burmannum
1679 1836 1726 1869 cf.

188 1949 317 1976 VARIA
346 1916 514 1976 LKECTIO.

305 1995 385 2033 208
418 1997 467 2031 Ac
486 2006 542 2047 *no
568 1987 689 2038 Ω’ς”
710 1989 824 2043 Ppks
854 1994 903 2028 At
933 2007 978 2028 ne
1008 2007 1034 2043 y
1165 1993 1245 2032 209
1278 1954 1390 2039 Οἶιέῗῃ
1421 2007 1446 2044 γ
1476 1955 1581 2042 &gub
1605 1990 1729 2044 [Bar-

189 2049 336 2102 cinom]
490 2052 572 2088 210
602 2058 723 2088 extum
754 2051 775 2087 λ
799 2063 865 2099 pr.
899 2057 1085 2088 extentum
1118 2045 1271 2095 eelth'
1300 2048 1414 2100 Pplz.'
1445 2053 1564 2100 florii.
1594 2051 1726 2088 Nostr.

190 2136 382 2166 extensum
402 2143 427 2178 y
452 2127 496 2181 [β
517 2132 662 2169 Mellic.
683 2131 918 2178 Monlepess.
939 2128 1154 2182 Petropol]
1255 2131 1336 2168 212
1368 2132 1494 2169 inritat
1517 2132 1555 2168 E
1582 2111 1689 2168 inritat
1709 2130 1730 2166 λ

190 2189 308 2225 irritat
339 2193 427 2225 cell.
462 2183 514 2232 ς”
541 2189 707 2237 florileg.
732 2188 977 2225 Nostrudam.
1067 2189 1194 2237 implet
1217 2184 1344 2232 Ω,’ς”
1371 2189 1535 2238 floriley.
1566 2189 1729 2225 Nostru-

190 2247 290 2282 clam.
381 2244 463 2281 214
490 2245 643 2282 ‚credere
675 2241 806 2288 ..Q-'g''
837 2246 984 2279 tradere
1012 2257 1038 2293 y
1063 2241 1379 2297 [Montepessul]
1470 2245 1552 2282 215
1583 2246 1730 2294 superbi

192 2298 320 2346 Ω,’ς”
352 2303 512 2348 superba
542 2315 567 2350 y
600 2298 844 2352 [Corbeian]
964 2302 1045 2340 216
1077 2302 1188 2339 redde
1218 2299 1346 2347 sz'ffl
1376 2302 1546 2348 impende
1574 2315 1601 2350 y
1624 2299 1729 2353 [cod.

192 2361 280 2396 coll.
308 2355 432 2409 Trin.]
457 2360 584 2396 Bentl.
682 2370 832 2408 preuem
854 2360 893 2396 E
911 2371 979 2406 pr.
1010 2364 1051 2396 ut
1072 2361 1150 2397 uid.
1267 2360 1348 2398 217
1380 2359 1553 2409 conplere
1574 2359 1594 2395 λ
1615 2360 1664 2407 (et
1690 2357 1731 2407 β)

190 2416 373 2466 complere
403 2421 490 2453 cett.
521 2412 561 2460 ς’
591 2415 638 2463 (et
669 2415 807 2464 Fran.)
848 2461 852 2464 ἢ
917 2416 997 2454 219
1030 2416 1237 2454 ΒΕΒΙΤε
1258 2417 1296 2453 Ιι.
1318 2429 1354 2454 u.
1383 2419 1588 2466 superiore
1610 2422 1731 2464 parte

192 2475 347 2510 abscisa
464 2473 544 2510 219
577 2473 731 2522 quidaem
763 2472 783 2508 λ
870 2473 1023 2507 facimus
1055 2474 1162 2508 nobis
1192 2487 1260 2522 vy
1353 2486 1439 2523 sepe
1460 2473 1481 2509 λ
1570 2473 1675 2522 po&e
1697 2475 1735 2510 E

307 2530 390 2581 220
417 2530 445 2566 U
467 2543 475 2566 :
500 2544 508 2567 :
532 2543 540 2566 z
564 2543 572 2566 :
595 2536 677 2567 neta
699 2543 707 2566 t
731 2543 739 2566 ε
762 2543 770 2565 :
794 2543 802 2566 :
825 2543 833 2565 :
857 2542 864 2566 :
887 2542 942 2566 am
963 2541 1040 2566 mea
1062 2542 1079 2567 ε
1173 2531 1296 2568 cedam
1320 2531 1341 2566 λ
1444 2530 1525 2567 221
1557 2530 1732 2567 laedimur

193 2599 210 2624 ε
231 2586 358 2635 (alr)
389 2587 543 2624 ledimur
574 2593 661 2624 cell.
689 2583 741 2631 ς”
770 2589 933 2636 floriley.
966 2588 1096 2624 Nostr.
1216 2588 1296 2624 222
1329 2594 1385 2625 est
1415 2584 1544 2638 ausus]
1577 2588 1690 2622 audet
1709 2600 1732 2635 y

196 2640 441 2694 [Valentiam.
469 2641 498 2694 ι]
604 2644 873 2693 reprehendere
897 2640 1033 2688 ,Ω’ς”
1064 2643 1111 2692 (ct
1142 2657 1240 2682 omn.
1271 2647 1380 2682 codd.
1416 2643 1587 2693 Cruquii)
1614 2647 1732 2693 floril.

195 2702 442 2738 Nostradam.
467 2702 690 2747 reprendere
711 2711 733 2735 6
753 2715 779 2749 y
797 2698 1048 2751 [Serbonens.
1071 2713 1157 2739 cum
1179 2698 1283 2752 aliis]
1309 2702 1530 2739 Bentleius:
1560 2714 1624 2736 nec
1646 2714 1731 2737 uero

193 2761 232 2794 in
264 2761 437 2806 epistulis
466 2760 534 2793 hac
566 2762 686 2801 forma
716 2772 800 2793 usus
832 2771 905 2793 esse
932 2759 1074 2794 uidetur
1106 2758 1295 2796 Horatius
1326 2756 1527 2804 rependere
1555 2771 1583 2806 y
1615 2754 1731 2809 [Gro-

194 2812 303 2865 nou.]
421 2815 502 2853 223
534 2816 745 2852 reuolumns
775 2829 798 2865 y
828 2813 1055 2866 reuolssuim'
1087 2829 1111 2852 α
1198 2817 1398 2852 inreuocati
1421 2811 1546 2860 „we”
1573 2823 1631 2852 Tr:
1651 2829 1675 2865 9

197 2871 277 2908 ‘225
310 2872 330 2908 d
355 2885 362 2907 ε
387 2887 394 2908 :
417 2872 524 2909 ducta
555 2884 571 2907 ε
610 2873 761 2908 deducta
794 2869 895 2909 cett!
916 2869 970 2917 ς”
1006 2874 1168 2922 floriley.
1205 2873 1448 2910 Nosti-adam.
1488 2873 1605 2910 schol.
1646 2876 1730 2911 eod.

1451 2946 1525 2983 20*
