1820 3094
152 165 232 207 182
708 176 866 203 nonA'ri
897 175 1121 203 snmuonvm

263 291 538 330 Nomentanus
570 295 654 328 erat
684 299 805 339 super
834 288 988 338 ipsum,
1010 286 1191 326 ‘Porcius
1221 287 1337 332 infra,

259 363 451 403 ridiculus
481 367 583 401 totas
613 360 727 401 simul
758 359 977 400 absorbere
1008 359 1222 413 placentas.

260 437 532 477 Nomentanus
563 435 610 474 ad
644 435 740 482 hoc,
773 435 861 487 qui,
893 434 1023 488 siquid
1055 434 1158 474 sorte
1188 433 1349 480 lateret,
1438 463 1440 465 v
1632 439 1676 471 25

261 510 391 550 indice
422 514 663 550 monstraret
694 509 835 560 digito:
869 520 960 548 nam
992 514 1124 548 cetera
1157 507 1295 554 turba,

261 597 354 630 nos,
386 585 568 634 inquam,
601 595 791 623 cenamus
821 583 926 627 auis,
960 582 1184 634 conchylia,
1217 582 1359 635 piscis,

260 659 376 710 longe
407 657 638 697 dissimilem
672 660 766 696 noto
798 655 967 696 celantia
997 668 1158 702 sucum;

261 738 304 772 ut
333 732 397 772 uel
429 732 618 771 continuo
647 731 792 783 patuit,
825 742 915 770 cum
948 731 1120 783 passeris
1152 734 1269 782 atque

260 807 458 858 ingustata
489 805 586 844 mihi
616 805 843 857 porrexerit
872 803 937 844 ilia
970 802 1141 843 rhombi.
1634 809 1678 840 30

260 885 349 932 post
378 879 454 919 hoc
486 891 549 918 me
580 878 715 918 docuit
745 876 942 917 melimela
974 876 1122 917 rubere
1152 878 1348 917 minorem

261 953 308 993 ad
340 953 475 993 lunam
508 951 679 991 delecta:
714 951 807 1003 quid
840 951 916 990 hoc
947 951 1124 997 intersit,
1157 949 1206 990 ab
1236 951 1322 1003 ipso

263 1027 439 1066 audieris
470 1025 625 1066 melius.
685 1031 771 1066 tum
802 1024 978 1065 Vibidius
1009 1023 1213 1064 Balatroni

260 1102 376 1140 “nos
408 1101 485 1140 nisi
517 1099 708 1146 damnose
739 1098 933 1145 bibimus,
966 1099 1184 1138 moriemur
1214 1098 1394 1144 inulti;'’

147 1239 420 1268 TESTIMONIA.

235 1301 279 1332 26
311 1300 358 1333 cf.
393 1298 519 1333 Sedul.
553 1309 610 1341 op.
643 1298 771 1341 pasch,
803 1298 860 1331 III
892 1299 974 1330 214:
1013 1301 1194 1330 <cetera
1224 1297 1357 1330 turba
1388 1296 1501 1339 latet,
1530 1304 1681 1332 numero

144 1356 213 1379 nec
238 1345 421 1378 clauditur
444 1343 541 1376 ullo’
647 1345 702 1378 29.
729 1345 772 1377 30
797 1343 912 1376 Prisc.
938 1343 1054 1383 XVII,
1082 1343 1197 1385 †init.
1221 1342 1304 1377 add.
1330 1342 1369 1375 in
1393 1341 1499 1378 codd.
1523 1342 1610 1376 RDI

234 1393 279 1424 34
303 1391 350 1423 cf.
375 1391 502 1423 Ioann.
530 1389 717 1423 Saresber.
745 1389 835 1422 VIII
860 1390 898 1421 8:
931 1392 942 1408 ‘
954 1389 984 1422 si
1009 1388 1109 1432 apud
1128 1388 1370 1422 Nasidienum
1388 1389 1568 1422 conuiuae
1583 1387 1680 1423 ‘con-

143 1518 273 1546 VARIA
302 1517 470 1545 LECTIO.

258 1598 322 1624 uu.
357 1585 409 1623 23
442 1597 498 1634 sq.
532 1589 637 1623 omis.
668 1585 689 1621 λ
721 1596 733 1622 1
769 1586 856 1622 add.
888 1590 1010 1633 mary.
1042 1585 1063 1621 λ
1093 1596 1109 1621 2
1138 1587 1242 1622 inter
1271 1597 1335 1622 uu.
1370 1585 1393 1622 9
1426 1589 1463 1622 et
1495 1586 1548 1624 10

145 1643 198 1681 23
229 1643 370 1692 portius
390 1656 413 1692 γ
437 1642 466 1678 C
493 1643 655 1690 porticus
685 1643 723 1679 E
808 1641 862 1678 24
891 1642 998 1678 simul
1021 1643 1058 1678 Ε
1076 1654 1099 1690 γ
1119 1642 1140 1678 λ
1161 1647 1195 1685 ψ
1216 1654 1303 1678 uar.
1327 1641 1365 1690 (6
1386 1655 1410 1679 a
1429 1644 1443 1679 l
1463 1653 1480 1678 2
1500 1641 1536 1689 r)
1557 1643 1677 1680 schol.

143 1714 167 1750 γ
199 1700 310 1736 semel
343 1699 372 1736 Ο
390 1700 462 1736 Fe
484 1695 579 1748 (βά)
598 1701 655 1748 ql
678 1710 689 1735 1
712 1705 745 1734 et
769 1699 788 1734 1
814 1698 973 1745 Bland.)
1060 1698 1254 1734 absorbere
1275 1700 1354 1747 Ey
1376 1697 1515 1746 CF(v
1536 1707 1560 1735 6
1579 1711 1603 1736 a
1623 1701 1680 1748 92

146 1757 363 1790 absorberet
393 1755 427 1803 r)
459 1752 572 1802 Pplz.'
607 1755 802 1792 obsorbere
833 1754 853 1790 λ
874 1767 891 1791 ε
912 1749 969 1805 (β’
987 1762 1020 1790 et
1042 1755 1065 1790 2
1092 1754 1246 1802 Bland.)
1277 1755 1366 1800 ‘pro
1398 1755 1679 1790 absorbendas'

145 1814 205 1860 (ad
236 1813 454 1847 sorbendam
484 1811 647 1860 Porplz.)
678 1808 838 1860 Por-ph!
936 1812 988 1849 25
1019 1812 1256 1849 Nonmentan’
1287 1812 1309 1848 λ
1404 1812 1456 1850 26
1488 1814 1681 1847 mostrar&

143 1883 169 1918 y
192 1867 335 1920 [Lips.]
369 1883 451 1916 opp.
483 1866 597 1916 Pplz.‘
630 1874 833 1906 monstrare
864 1870 903 1906 Ε
1004 1874 1125 1917 cetera
1154 1882 1178 1918 γ
1199 1867 1238 1916 (ν
1258 1877 1282 1904 6
1303 1882 1326 1906 a
1348 1871 1362 1906 l
1383 1876 1415 1904 et
1436 1868 1576 1917 Fran.)

145 1927 196 1963 27
228 1923 391 1976 inquam]
425 1925 607 1971 tamquam
637 1926 793 1963 Peerlk.
827 1924 1081 1970 ‘efexegesis'
1112 1928 1227 1974 qloss.
1260 1938 1284 1975 γ
1379 1937 1570 1963 caenamus
1602 1927 1680 1977 Εγ

147 1995 162 2019 ε
185 1983 223 2031 (v
245 1992 267 2019 6
287 1983 325 2030 a)
356 1983 511 2020 cernam’
545 1983 574 2019 0
602 1994 770 2019 cenamus
801 1983 839 2019 F
855 1976 896 2019 λ’
920 1977 1009 2032 (β’9
1031 1980 1066 2030 r)
1097 1982 1287 2026 gluttimus
1320 1983 1425 2020 διιεῖ.
1450 1983 1680 2032 Krueqerus

258 2041 334 2076 auis
367 2040 394 2076 C
414 2041 484 2076 Fe
507 2038 545 2087 (v
575 2044 615 2076 ut
648 2039 740 2086 uid.)
769 2052 795 2087 y
819 2035 863 2089 [β
889 2052 955 2087 pr.
987 2040 1092 2086 Lips.
1133 2036 1369 2089 Valentiam]
1401 2051 1486 2076 aues
1518 2040 1557 2076 Ε
1580 2053 1604 2089 γ
1635 2036 1679 2075 λ’

146 2126 179 2168 ψ
211 2131 313 2156 corr.
340 2118 377 2166 (6
399 2132 422 2156 a
442 2132 466 2167 9
487 2132 509 2155 r
529 2126 562 2154 et
582 2118 607 2168 β
630 2130 733 2156 corr.
757 2118 897 2166 Fran.)
989 2118 1177 2167 conchylia
1207 2130 1225 2154 ε
1254 2100 1417 2167 cdchylia
1446 2131 1470 2168 γ
1501 2119 1678 2157 conchilia

146 2212 184 2247 E
203 2211 231 2247 0
252 2206 402 2253 Fi'g‘
490 2180 604 2255 pistis
633 2220 659 2256 y
683 2206 832 2259 [Paris.
867 2207 997 2259 8213]
1030 2207 1146 2258 pisces
1177 2205 1289 2252 52'5‘
1385 2209 1437 2247 28
1469 2191 1677 2247 dissimilem

145 2264 254 2317 noto]
288 2266 456 2300 dissimili
488 2270 612 2300 notum
642 2267 796 2303 Peertlc.
830 2279 911 2313 opp.
944 2268 1036 2303 Acr.
1155 2265 1307 2314 celantia
1338 2278 1369 2314 φ
1477 2278 1626 2303 succum
1656 2266 1678 2303 λ

144 2323 192 2371 (et
222 2322 363 2371 Fran.)
393 2334 516 2359 secum
537 2324 605 2359 F1
692 2329 770 2369 post
802 2335 839 2360 u.
862 2323 915 2360 28
946 2336 1088 2358 uersum
1117 2324 1210 2358 hunc
1229 2326 1331 2367 sere.-
1363 2322 1575 2367 ‘ingenitos
1605 2322 1677 2371 (uel

145 2379 308 2427 natiuos)
337 2379 460 2424 ignari
491 2379 664 2425 expulsos
703 2384 782 2413 arte
822 2379 1000 2425 sapores’
1038 2380 1250 2414 intercidisse
1283 2386 1392 2425 putat
1420 2380 1678 2418 Doederlinus
1738 2418 1740 2422 ,

259 2437 311 2474 29
342 2432 471 2485 atque]
511 2436 586 2470 assi
618 2440 654 2470 et
680 2447 707 2483 y
741 2432 793 2486 [ἲ]
828 2438 956 2474 Bentl.
1082 2448 1146 2473 uu.
1180 2436 1234 2473 30
1264 2447 1321 2484 sq.
1352 2436 1505 2470 inuerso
1545 2436 1676 2470 ordine

145 2494 255 2528 habet
283 2505 308 2541 y
330 2490 393 2543 [β]
418 2505 499 2539 opp.
523 2494 716 2529 Priscian.
808 2505 844 2529 u.
879 2494 932 2531 30
963 2496 1066 2531 omis.
1090 2505 1108 2529 ε
1129 2505 1212 2540 opp.
1234 2493 1429 2530 Priscian.
1518 2492 1574 2531 30
1603 2494 1675 2530 An-

144 2555 288 2599 gustata
319 2555 353 2596 ψ
384 2560 397 2585 1
429 2562 508 2596 opp.
540 2550 735 2586 Priscian.
767 2550 974 2583 incrustata
1003 2550 1218 2588 Horlcelius
1360 2551 1565 2598 porrexerit
1595 2551 1676 2599 Ey

148 2606 178 2642 C
194 2609 231 2644 F
249 2603 288 2642 λ’
311 2599 402 2655 (β’ν
421 2620 446 2655 9
467 2619 489 2642 r
508 2605 539 2653 2)
559 2607 758 2643 Prisciani
786 2608 868 2643 cod.
894 2607 928 2643 R
959 2607 1126 2652 porrexit
1153 2619 1175 2643 r
1195 2616 1208 2642 1
1227 2617 1253 2653 y
1277 2602 1462 2656 [Bessan.
1484 2605 1512 2642 ll
1542 2607 1671 2644 Paris.

146 2660 275 2714 8214]
316 2664 513 2700 Prisciani
549 2664 632 2700 cod.
670 2663 695 2699 I
729 2664 934 2700 Marcilius
973 2670 1005 2699 et
1043 2664 1255 2701 Horlcelius
1292 2667 1510 2708 porrexerat
1545 2672 1568 2698 6
1597 2676 1621 2700 a
1647 2675 1674 2710 y

1659 2723 1676 2740 c

146 2743 341 2779 Prisciani
369 2744 452 2780 cod.
475 2743 511 2779 D
531 2744 659 2779 Bencl.
748 2742 799 2779 31
833 2739 1028 2793 melimela]
1060 2741 1236 2780 m&im&a
1266 2743 1304 2778 F
1321 2754 1409 2779 aar.
1431 2755 1457 2790 y
1551 2742 1680 2780 rubera

147 2834 177 2868 φ
257 2822 308 2858 33
332 2822 534 2858 balathroni
556 2822 594 2858 E
611 2834 634 2871 γ
657 2822 686 2859 0
704 2834 735 2869 φ
756 2818 798 2856 λ’
821 2821 858 2868 (ν
879 2834 902 2858 a
924 2821 959 2869 r)
980 2796 1155 2859 balathroni
1187 2826 1220 2868 ψ
1251 2820 1427 2857 labatroni
1448 2832 1465 2857 ε
1494 2821 1687 2856 balatroni

147 2874 265 2927 β’69
382 2878 435 2914 34
473 2878 670 2924 dampnose
705 2874 750 2927 β’
787 2878 951 2913 damnosi
989 2878 1144 2916 Peerlk.
1184 2891 1266 2925 opp.
1298 2878 1435 2915 Ioann.
1463 2878 1558 2920 Sar.
1631 2888 1633 2891 ’
