1820 3094
755 147 839 174 Lm.
872 146 887 173 1
917 146 950 180 3,
975 136 1078 171 68—'88
1631 131 1686 174 33

262 267 304 300 ut
335 272 516 312 quaeque
547 265 626 306 est,
658 261 711 299 ita
742 259 946 312 suppliciis
977 258 1119 299 delicta
1150 260 1331 300 coercet?

262 335 385 388 siquis
418 347 508 375 eum
538 335 753 379 *seruorm
784 334 959 387 patinam
991 335 1060 386 qui
1091 333 1231 374 tollere
1261 335 1393 374 iussus
1643 340 1688 371 80

260 421 455 449 semessos
485 410 604 462 piscis
634 407 893 461 tepidumque
922 407 1144 459 ligurrierit
1173 409 1256 454 ius,

259 484 302 523 in
333 496 452 523 cruce
481 483 656 536 suffigat,
688 481 876 522 Labeone
905 482 1082 521 insanior
1111 483 1217 521 inter

261 570 378 598 sanos
409 557 576 597 dicatur.
639 561 786 608 quanto
816 555 894 596 hoc
925 556 1112 596 furiosius
1142 561 1262 609 atque

260 632 387 672 maius
418 636 622 685 peccatum
655 631 730 671 est!
761 630 923 684 paulum
955 629 1120 683 deliquit
1149 631 1301 670 amicus

262 706 380 760 (quod
414 706 487 746 nisi
518 705 733 752 concedas,
765 704 939 745 habeare
970 690 1179 758 insuauis):
1213 703 1383 744 acerbus
1501 717 1504 719 ·
1644 712 1689 743 85

261 780 379 821 odisti
409 786 448 821 et
477 780 579 832 fugis
609 785 652 820 ut
681 780 884 820 Rusonem
917 778 1074 819 debitor
1105 779 1228 825 aeris,

260 856 329 907 qui
359 855 454 901 nisi,
487 866 578 895 cum
610 856 745 895 tristes
774 855 922 894 misero
953 865 1104 894 uenere
1134 852 1347 900 kalendae,

260 929 488 970 mercedem
519 934 587 970 aut
618 942 802 970 nummos
833 929 940 969 unde
972 928 1078 978 unde
1109 929 1298 974 extricat,
1332 939 1487 968 amaras

146 1099 197 1125 ΤΕ
202 1099 221 1126 S
226 1098 415 1126 TmomA.

237 1165 279 1198 81
305 1165 446 1198 Nonius
470 1175 504 1207 p,
532 1165 598 1198 134
624 1163 673 1199 cf.
700 1163 846 1197 ecbasis
872 1162 1014 1206 captiui
1038 1173 1072 1194 u.
1099 1162 1183 1195 628:
1221 1165 1406 1195 ‘semesos
1443 1163 1566 1205 pisces
1597 1174 1688 1206 quos

146 1210 260 1244 Indus
283 1210 447 1253 liquerat
471 1210 624 1253 hospes’
719 1211 763 1243 84
788 1220 840 1252 sq.
869 1209 917 1240 ef.
944 1208 1158 1241 Hildebert.
1183 1208 1308 1241 moral.
1336 1207 1423 1251 phil.
1449 1210 1532 1242 973:
1560 1213 1687 1243 ‘nemo

147 1257 239 1289 satis
272 1256 390 1289 eredit
414 1258 559 1289 tantum
582 1255 815 1298 delinquere,
840 1257 1019 1297 quantum
1043 1254 1256 1297 permittas,
1281 1253 1374 1286 adeo
1396 1254 1592 1297 indulgent
1617 1256 1689 1288 sibi

146 1301 259 1335 latius
277 1305 417 1335 omnes’
492 1302 537 1336 88
563 1305 748 1335 ‘nummos
774 1319 814 1324 —
843 1303 1008 1333 amaros’
1035 1299 1145 1343 gloss.
1169 1300 1246 1333 Mai
1273 1299 1383 1335 class,
1400 1304 1498 1334 auct.
1518 1301 1605 1334 VIII
1621 1302 1688 1335 578

147 1464 275 1492 VARIA
304 1464 472 1491 LEOTIO.

179 1561 181 1563 -
261 1532 313 1570 79
346 1528 419 1582 est]
453 1544 523 1570 om.
558 1532 597 1569 E
623 1544 705 1578 opp.
746 1531 816 1570 Ac.
924 1531 1106 1580 supplitiis
1145 1543 1170 1568 u
1284 1536 1431 1568 coercet
1462 1532 1687 1582 ΕγΕ(να)

147 1589 318 1627 cohercet
338 1585 416 1627 Βλ
427 1602 453 1626 u
471 1588 511 1639 (β
519 1585 600 1637 ‘6r)
632 1588 797 1637 (coheret
824 1587 862 1638 9)
952 1589 1006 1626 80
1036 1599 1119 1624 eum
1149 1583 1209 1624 52'
1212 1596 1238 1630 ς
1275 1588 1346 1625 Ac
1379 1588 1474 1623 enim
1500 1602 1526 1637 y
1556 1590 1687 1626 Heim-

146 1647 317 1684 soethius
403 1657 550 1683 seruum
572 1643 632 1682 52'
638 1658 661 1690 ς
763 1646 814 1683 81
849 1645 1037 1682 Semossos
1069 1645 1108 1681 Ε
1132 1641 1450 1696 y[Montepess.]
1483 1657 1626 1683 semeso
1653 1648 1689 1714 Β

146 1703 315 1740 Semesos
347 1700 450 1741 cett!
462 1698 500 1747 ς’
595 1704 704 1751 piscis
740 1703 772 1738 Β
801 1703 919 1751 pisces
951 1707 1039 1739 cett.
1052 1693 1105 1746 ”ς
1138 1702 1288 1739 Nonzus
1390 1703 1551 1751 tepidum
1582 1699 1645 1740 ,ΩΧ
1649 1701 1687 1748 ς’

146 1761 296 1803 Nonius
315 1760 498 1806 trepidum
518 1773 543 1809 y
601 1760 801 1809 ligurrierit
819 1760 926 1809 ΒΕγ
939 1771 1005 1807 pr.
1023 1755 1095 1795 ΕΜ
1107 1771 1132 1796 u
1146 1770 1170 1802 ς
1188 1758 1241 1806 (et
1254 1757 1280 1808 β
1303 1771 1399 1796 omn.
1414 1757 1572 1808 Bland.)
1593 1761 1688 1810 ligu-

70 1856 74 1859 ,
146 1818 251 1854 rielit
271 1818 338 1867 By
360 1829 463 1855 corr.
485 1816 537 1864 (v)
568 1816 784 1862 ligurrierat
805 1817 952 1854 Nonius
1030 1815 1083 1853 82
1115 1815 1268 1853 labeone
1290 1817 1327 1852 B
1356 1816 1508 1853 labeone
1539 1814 1643 1855 cett.
1648 1814 1688 1862 ς’

146 1865 258 1922 Pplz.'
274 1870 434 1922 Porph!
454 1886 549 1910 cons.
571 1874 665 1910 Aer.
698 1873 863 1907 Labieno
889 1874 1014 1910 Bentl.
1104 1872 1157 1911 83
1189 1872 1331 1916 San3B
1417 1885 1524 1911 sanos
1550 1875 1690 1911 dicatur

131 1955 135 1960 «
217 1942 303 1980 ‚pt
335 1927 394 1982 e:]
425 1931 579 1965 insanos
611 1931 727 1964 dicat:
760 1929 922 1975 ‘quanto
956 1958 964 1966 .
989 1958 997 1966 .
1025 1958 1033 1966 .
1067 1936 1255 1975 peccatum
1287 1929 1390 1964 estl'
1422 1932 1579 1969 Peerllc.
1604 1945 1688 1979 opp.

147 1982 260 2036 ΡΜ]
366 1989 435 2025 hoc
456 1989 492 2025 Β
511 2001 535 2038 γ
557 1988 641 2024 ΒΕ
657 1983 690 2024 λ’
692 1999 752 2031 ας
770 1987 817 2035 (et
838 1986 979 2034 Fran.)
1001 1987 1070 2023 Ac.
1091 1999 1161 2024 om.
1186 1987 1261 2034 Ey
1285 1983 1329 2037 [β
1354 1988 1558 2037 Bambery.
1582 1990 1687 2027 Bru-

148 2046 244 2082 well:
277 2045 386 2083 9777
421 2046 588 2083 Gronou.
620 2045 764 2082 Mellic.
804 2045 1041 2092 Montepess.
1081 2044 1212 2081 Paris.
1246 2043 1355 2081 8219
1388 2045 1571 2082 Nostrad.
1606 2046 1686 2083 184

159 2102 292 2139 Vcorr.
326 2099 411 2154 alii]
511 2115 575 2139 uu.
609 2101 723 2150 848q.
757 2114 826 2139 om.
851 2102 888 2138 B
974 2101 1124 2137 amicus.
1157 2101 1256 2146 quod
1287 2101 1359 2135 nisi
1390 2102 1592 2146 concedas,
1627 2104 1687 2137 ha—

146 2159 258 2193 beare
287 2159 480 2204 insuauis,
512 2159 691 2202 acerbus3
722 2159 980 2196 Doederlinus
1008 2171 1104 2193 cons.
1136 2159 1249 2195 Aer.
1245 2175 1252 2182 ·
1293 2156 1464 2203 ‘paulum
1495 2159 1527 2192 si
1558 2172 1687 2205 pecca-

149 2215 246 2250 uerit
282 2216 438 2260 amicus,
479 2216 591 2250 odisti
630 2227 724 2249 eum.
790 2218 887 2261 quod
931 2215 1077 2260 paulum
1115 2220 1304 2261 peccatum
1346 2215 1418 2249 uisi
1456 2218 1688 2251 concesseris

147 2284 285 2307 saeuus
317 2279 354 2307 et
384 2273 541 2307 acerbus
563 2273 715 2307 uideare
738 2272 797 2307 uel
817 2267 974 2307 habeare
996 2273 1194 2320 (habeares
1218 2285 1240 2309 v
1272 2272 1444 2306 habueris
1465 2274 1590 2310 Fran.
1595 2273 1629 2321 )'

148 2329 199 2367 85
224 2320 341 2380 quod]
372 2330 458 2377 quoi
479 2331 607 2367 Bentl.
628 2342 708 2376 opp.
727 2330 820 2367 Aer.
936 2329 1067 2366 hahere
1089 2331 1127 2366 E
1135 2342 1199 2377 pr
1308 2330 1477 2364 acerbum
1497 2330 1690 2380 Reisiyms

147 2399 230 2434 opp.
261 2387 355 2424 Acr.
446 2387 499 2425 86
516 2398 690 2424 rusonem
711 2386 862 2424 DEBF
879 2382 918 2423 λ’
931 2381 968 2431 ς’
990 2385 1038 2434 (et
1067 2389 1215 2434 scripta
1243 2386 1335 2435 fere
1366 2390 1490 2424 omnia
1514 2385 1688 2438 C'ruquu)

147 2444 216 2481 Ac.
248 2445 342 2481 Acr.
382 2456 576 2479 russonem
612 2444 678 2493 Pf.
718 2443 914 2481 drusonem
944 2457 1011 2492 ας]
1036 2439 1197 2491 ΡονρΙι.’
1228 2454 1398 2480 rosonem
1428 2457 1452 2494 y
1497 2457 1688 2479 rossonem

145 2501 244 2549 Pph.
262 2500 437 2549 Rusones
456 2502 690 2537 inueniuntur
712 2503 808 2548 apud
825 2501 985 2539 Sallust.
1003 2501 1088 2549 Iuy.
1111 2500 1205 2548 104,
1224 2500 1248 2538 3
1268 2508 1300 2536 et
1316 2502 1351 2535 in
1371 2503 1548 2549 inscript.
1561 2503 1685 2539 Rhen.

148 2559 307 2595 Bramb.
344 2557 468 2606 1230,
489 2558 527 2595 4.
561 2557 692 2606 1471,
716 2559 736 2595 1
772 2556 976 2592 ‘Octauius
1006 2558 1130 2592 Druso
1162 2558 1318 2591 acerbus
1349 2558 1539 2592 fenerator
1568 2558 1688 2593 fuisse

148 2636 332 2672 traditur’
365 2634 525 2686 Por-ph!
632 2637 684 2675 87
718 2633 799 2687 qui]
832 2637 918 2686 quid
951 2638 986 2674 Β
1073 2633 1173 2688 cum]
1207 2649 1276 2674 con
1306 2643 1342 2684 ψ
1429 2648 1510 2673 cum
1542 2634 1685 2689 tristes]

149 2699 257 2731 cunct
276 2695 384 2731 ristes
400 2696 439 2732 Ε
512 2694 683 2731 kalendae
704 2695 740 2731 Β
755 2707 780 2744 y
803 2694 874 2730 BF
890 2707 916 2731 u
939 2687 978 2738 ς’
999 2694 1153 2728 kalende
1173 2707 1198 2743 9
1219 2693 1369 2741 calende
1391 2694 1429 2729 E
1511 2694 1564 2732 88
1586 2697 1688 2742 unde

148 2751 245 2788 unde
266 2752 302 2788 Β
334 2754 485 2787 alierum
515 2751 610 2789 unde
641 2764 708 2786 om.
729 2763 755 2799 y
784 2753 949 2800 glossar.
973 2752 1058 2788 Mai
1085 2751 1166 2788 sclz.
1191 2751 1224 2787 D
1254 2751 1420 2787 Aer-onis
1450 2752 1533 2788 cod.
1554 2751 1685 2789 Paris.

150 2808 259 2846 7985
293 2809 401 2843 habet
431 2809 528 2844 unde
557 2821 583 2855 y
615 2804 870 2859 [Montepess.
903 2819 1104 2857 superscr.
1136 2808 1152 2842 i
1185 2813 1259 2842 unii
1293 2803 1389 2857 unii]
1422 2819 1453 2843 ω
1484 2806 1632 2843 aliunde
1662 2823 1688 2858 y

152 2862 334 2916 [Reyius]
368 2867 518 2903 extricta
537 2867 571 2902 B
677 2861 832 2915 amaras]
865 2876 1007 2899 amaros
1037 2866 1268 2914 ylossarium
1291 2864 1375 2900 Mai
1403 2877 1485 2911 opp.
1511 2866 1629 2903 schol.
1656 2866 1695 2901 Γ

219 2940 405 2967 noima-ivs
431 2941 463 2963 11
491 2938 503 2962 1
601 2941 607 2945 ·
1461 2931 1504 2962 3’
