1930 3094
794 119 1032 147 PRAEFATIO
1599 119 1689 147 XVII

123 234 364 274 Horatium
405 234 472 273 edi
507 247 627 286 posse
670 239 874 286 negarent
909 246 1041 285 eaque
1070 233 1172 285 lege·
1198 238 1355 272 textum
1391 239 1691 273 construerent.

147 302 261 354 atqui
292 307 376 342 tam
407 302 564 341 incerto
589 307 629 340 et
650 315 701 341 ex
721 307 838 354 parte
859 307 1018 340 tantum
1048 301 1228 352 perfecte
1251 301 1402 340 codicis
1436 303 1466 340 V
1492 302 1692 341 lectiones

146 370 324 410 traditae
354 370 473 409 nobis
501 375 616 418 sunt,
649 376 696 409 ut
724 375 812 409 tuto
842 370 966 408 inniti
993 370 1042 408 iis
1073 369 1187 409 nullo
1228 375 1347 422 pacto
1378 370 1578 422 possimus
1619 368 1690 421 (cf.

146 451 254 490 quae
285 438 391 478 alter
424 444 607 477 nostrum
646 438 698 478 de
730 437 899 490 Cruquii
940 443 1131 490 suspecta
1161 437 1242 477 fide
1280 452 1384 478 mus.
1414 438 1551 477 Rhen.
1583 452 1624 478 n.
1656 452 1688 476 s.

144 506 297 547 XVIII
326 520 367 558 p.
390 506 628 545 281—283.
671 506 899 558 disputauit
930 511 972 545 et
999 506 1155 545 Karolo
1177 505 1512 558 Zangemeistero
1543 506 1685 545 rescri-

143 574 227 627 psit
254 574 432 614 XVIIII
467 588 509 627 p.
541 573 834 625 634—637.);
872 561 909 624 9⁴
935 587 1033 613 uero
1073 573 1177 613 adeo
1219 574 1383 614 infimae
1422 574 1571 613 aetatis
1611 579 1683 622 est,

144 647 198 690 ut,
231 642 371 694 siquis,
402 642 447 681 id
477 642 587 694 quod
618 643 853 694 nuperrime
883 642 1045 691 accidit,
1078 641 1240 681 codices
1271 642 1414 694 quales
1444 647 1541 681 sunt
1570 634 1686 680 A'D'

143 706 345 748 E'Fk'd'
375 711 556 763 septenis
588 711 798 750 octonisue
828 710 1003 750 saeculis
1042 710 1295 762 antiquiores
1326 716 1480 750 temere
1510 715 1687 762 seponat

145 783 187 818 et
218 792 269 818 ex
297 779 419 818 meris
458 778 609 818 codicis
638 793 663 829 9
699 779 860 818 mendis
891 778 1183 818 audacissimas
1215 784 1377 831 repetat
1414 778 1684 824 coniecturas,

143 847 311 886 multam
342 860 391 886 ea
419 860 484 886 res
513 847 666 886 habeat
697 847 1011 886 dubitationem.
1059 861 1083 898 9
1112 847 1240 899 igitur
1268 847 1508 900 posterioris
1538 846 1685 885 aetatis

144 920 185 954 et
214 915 350 954 multis
370 916 518 955 tertiae
539 915 720 955 familiae
740 915 988 955 lectionibus
1019 920 1232 967 corruptus
1264 921 1345 964 est,
1390 916 1424 954 V
1439 915 1483 953 ni
1505 914 1687 954 fallimur

143 979 214 1033 (cf.
246 995 352 1035 quae
383 983 435 1023 de
465 998 551 1023 uar.
582 984 677 1025 lect.
711 984 814 1023 d’est
839 983 1045 1036 Gruquius
1075 983 1212 1023 attulit
1229 982 1287 1035 *))
1320 997 1406 1023 non
1437 983 1490 1023 ad
1520 982 1686 1022 modum

142 1051 327 1100 anticus,
360 1057 471 1091 certe
501 1066 587 1091 non
617 1053 714 1091 satis
737 1058 846 1092 certo
879 1066 903 1091 a
925 1051 1107 1104 Oruquio
1138 1052 1258 1092 nobis
1288 1051 1465 1092 traditus
1493 1051 1684 1103 idemque

141 1119 253 1158 tertii
283 1121 448 1172 generis
485 1119 731 1159 lectionibus
770 1120 957 1172 quamuis
994 1121 1130 1159 minus
1168 1134 1292 1174 quam
1319 1135 1344 1171 9
1381 1120 1684 1159 contaminatus

142 1193 215 1227 est.
274 1189 312 1225 B
342 1193 382 1227 et
414 1190 444 1227 C
471 1188 720 1227 mancissimi
749 1194 862 1237 sunt,
904 1194 949 1227 ut
979 1189 1050 1241 qui
1082 1202 1117 1227 e.
1149 1203 1187 1241 g.
1221 1189 1265 1227 in
1296 1188 1484 1241 epistulis
1515 1201 1683 1240 prorsus

142 1255 348 1296 deficiant.
408 1262 590 1296 attamen
621 1257 829 1296 secundae
860 1257 1042 1299 familiae
1071 1257 1272 1296 lectiones
1307 1270 1442 1309 paene
1479 1255 1531 1295 ab
1562 1256 1683 1295 initio

140 1336 271 1376 usque
309 1324 362 1364 ad
402 1325 525 1364 finem
556 1338 802 1377 componere
831 1325 942 1364 licet.
1001 1325 1076 1364 sed
1112 1326 1183 1377 qui
1214 1325 1335 1364 altius
1373 1338 1459 1364 rem
1488 1325 1681 1377 inquiret,

141 1391 254 1444 quod
281 1392 325 1431 in
356 1393 477 1445 primi
507 1393 729 1432 uoluminis
760 1393 1020 1446 praefatione
1058 1393 1282 1433 uernacule
1314 1394 1546 1445 conscripta
1579 1390 1682 1443 (uid.

142 1473 244 1501 mus,
275 1459 411 1500 Rhen.
435 1461 589 1501 XVIII
620 1460 875 1513 211—227)
907 1462 1029 1501 huius
1061 1462 1202 1502 classis
1234 1462 1391 1501 fontem
1421 1474 1512 1501 esse
1541 1473 1681 1501 recen-

139 1528 297 1567 sionem
327 1542 405 1581 ope
435 1529 558 1568 unius
589 1530 634 1568 ni
663 1529 845 1569 fallimur
881 1529 981 1569 boni
1010 1530 1107 1570 libri
1136 1530 1187 1570 ab
1219 1530 1376 1570 audace
1407 1530 1575 1582 quidem
1605 1543 1683 1569 nec

138 1609 238 1635 uero
279 1596 521 1649 inprudenti
562 1597 829 1638 emendatore
867 1599 1099 1638 confectam
1123 1597 1319 1647 diximus,
1359 1597 1403 1638 id
1442 1597 1493 1637 de
1531 1611 1681 1637 sermo-

139 1663 261 1704 nibus
291 1678 457 1718 quoque
495 1667 681 1719 epistulis
721 1672 808 1706 arte
846 1668 1009 1719 poetica
1046 1681 1143 1707 uere
1176 1667 1327 1706 dictum
1358 1679 1448 1706 esse
1478 1667 1680 1706 inueniet.

137 1732 248 1772 hunc
286 1739 422 1773 autem
459 1735 767 1774 emendatorem
806 1733 876 1786 (cf.
907 1735 1005 1775 Acr.
1035 1737 1080 1774 in
1118 1741 1320 1788 apparatu
1359 1741 1498 1774 nostro
1540 1735 1680 1774 critico

137 1801 192 1840 ad
222 1807 296 1840 art.
328 1807 439 1854 poet.
468 1800 570 1855 345)
601 1817 730 1842 unum
749 1803 880 1843 solum
899 1804 1050 1844 librum
1080 1798 1347 1843 anteoculos
1367 1803 1562 1843 habuisse
1582 1803 1681 1842 inde

112 1877 114 1879 '
139 1869 430 1919 conclusimus,
465 1871 577 1923 quod
607 1885 695 1911 uar.
726 1872 820 1911 lect.
851 1886 970 1914 serm.
1001 1873 1023 1911 I
1055 1874 1098 1921 6,
1136 1872 1214 1911 126
1247 1885 1435 1924 campum
1463 1872 1680 1924 lusumque

137 1938 341 1988 trigonem
370 1939 440 1978 uix
470 1939 591 1979 aliter
620 1939 809 1992 intellegi
845 1946 1000 1992 potest,
1041 1954 1164 1993 quam
1201 1954 1252 1979 ex
1290 1954 1339 1979 ea
1377 1941 1467 1992 ipsa
1503 1941 1677 1989 ratione,

137 2006 248 2058 quod
278 2007 322 2045 in
352 1995 436 2046 uno
467 2020 590 2060 quem
619 2008 806 2048 manibus
835 2010 1029 2048 tractauit
1056 2008 1161 2047 libro
1192 2022 1293 2047 uera
1322 2008 1450 2048 uerba
1479 2008 1563 2060 legi
1593 2023 1679 2048 non

137 2079 350 2126 poterant,
391 2089 473 2128 qua
505 2076 556 2115 de
594 2089 638 2115 re
670 2077 722 2116 cf.
754 2090 897 2117 uersus
933 2077 1145 2117 quenalis
1183 2091 1215 2116 s.
1248 2078 1284 2125 7,
1318 2077 1400 2115 226
1431 2089 1516 2128 sq.:
1556 2075 1680 2129 ‘quot

136 2140 303 2182 stabant
332 2145 462 2195 pueri,
496 2157 588 2183 cum
618 2150 726 2184 totus
759 2146 925 2185 decolor
955 2151 1064 2185 esset
1082 2145 1256 2184 Flaccus
1288 2151 1329 2185 et
1347 2145 1539 2184 haereret
1559 2146 1678 2197 nigro

137 2210 269 2262 fuligo
299 2211 502 2261 Maroni,'
540 2226 618 2252 nec
648 2214 856 2263 inmerito,
898 2214 1010 2267 quod
1049 2212 1323 2266 compluribus
1365 2218 1553 2253 ueterum
1583 2214 1677 2253 scri-

137 2284 300 2330 ptorum
337 2279 546 2320 codicibus
584 2281 783 2322 accidisse
822 2289 1000 2331 constat,
1041 2283 1270 2335 marginem
1307 2282 1552 2334 exemplaris
1592 2296 1677 2321 non

137 2347 344 2399 integrum
380 2348 510 2388 fuisse
548 2350 781 2402 suspiceris.
848 2352 906 2391 ita
948 2352 1086 2390 uarias
1130 2351 1330 2390 lectiones
1373 2351 1416 2388 in
1454 2351 1596 2402 primis
1637 2356 1678 2390 et

137 2416 329 2454 extremis
358 2416 495 2457 uerbis
527 2419 776 2458 occurrentis
806 2419 1000 2459 facillime
1039 2419 1310 2471 explicaueris
1340 2423 1403 2458 ut:
1444 2418 1590 2458 Dulcis
1622 2440 1677 2446 —

135 2482 251 2535 Iugis
282 2484 402 2541 epist.
434 2485 456 2524 I
478 2486 547 2535 15,
574 2487 638 2525 16.
687 2485 952 2526 Praesectum
983 2508 1033 2513 —
1066 2487 1303 2527 Perfectum
1334 2492 1410 2526 art.
1442 2492 1552 2539 poet.
1578 2487 1673 2526 294.

138 2551 284 2602 opimis
325 2575 375 2580 —
413 2554 599 2594 honestis
638 2555 758 2606 epist.
787 2554 834 2593 II
864 2556 908 2604 2,
942 2556 1007 2594 32.
1070 2568 1148 2595 nec
1183 2555 1252 2594 hic
1291 2554 1459 2607 quidem
1496 2555 1676 2595 famosus

226 2719 261 2764 *)
293 2722 340 2755 ad
373 2723 480 2765 epist.
510 2724 528 2756 I
554 2725 615 2764 12,
641 2723 684 2755 24
717 2734 804 2767 pag.
829 2725 895 2757 556
927 2724 984 2759 ed.
1017 2725 1123 2758 1578:
1162 2723 1318 2763 ‘uerb1'1,
1352 2722 1475 2762 deest,
1508 2723 1604 2766 quod
1636 2724 1675 2756 in

138 2778 334 2821 antiquiss.
358 2779 437 2812 cod.
457 2780 562 2815 Blan.
588 2783 830 2823 syncopatum
848 2780 998 2824 legitur,
1023 2782 1135 2821 d’est,
1162 2791 1244 2813 cum
1260 2779 1488 2823 apostropho
1515 2790 1626 2823 supra
1652 2780 1675 2812 d

138 2834 332 2868 litteram.’

206 2913 394 2937 nonAa-ws
422 2914 454 2937 11
478 2913 494 2938 2
812 2935 817 2937 ,
964 2907 970 2911 “
1445 2904 1468 2936 b
