1890 3106
654 155 857 183 ADDENDA
888 157 940 184 ET
973 158 1241 186 CORRIGENEA
1647 147 1727 189 481

155 280 192 317 p.
229 268 308 306 162
339 285 394 298 =
425 274 515 306 text.
547 280 656 306 serm.
687 269 715 305 11
748 270 794 316 6,
826 270 878 308 35
911 283 977 320 pro
1007 271 1131 309 Puteal
1164 274 1236 322 leg.
1269 275 1390 322 puteal

159 348 196 386 p.
230 337 310 375 162
341 355 396 367 =
427 338 526 374 text.
556 349 663 374 serm.
705 337 731 373 ll
771 338 816 385 6,
851 339 902 376 39
940 352 1007 388 pro
1050 341 1207 389 dixeris,
1248 344 1428 391 experiar:
1483 343 1555 393 leg.
1597 315 1732 381 dixeris

279 404 505 455 ‘expe-istim:

160 485 196 522 p.
233 473 312 511 163
343 491 399 504 Ξ
430 484 552 522 appar.
585 484 692 513 serm.
725 474 754 510 11
785 475 832 523 6,
863 474 918 512 44
948 488 1015 524 pro
1047 478 1157 513 thrax
1187 490 1207 513 r
1238 478 1312 527 leg.
1343 479 1451 513 thrax
1482 492 1504 515 r

159 553 195 589 p.
231 541 310 579 179
342 558 397 572 =
422 554 550 594 vappar.
584 553 692 579 serm.
726 542 753 579 ll
786 544 825 591 7,
859 544 939 581 113
970 556 1037 592 pro
1070 550 1107 581 et
1137 556 1218 582 erro
1252 542 1341 589 ,Ω’ς
1369 546 1441 595 leg.
1472 554 1507 583 et
1536 559 1618 584 erro
1640 545 1731 593 Ω’ς’

193 609 281 646 ibid.
343 627 398 640 =
431 617 518 650 text.
551 621 660 648 serm.
694 610 722 646 Π
753 611 798 658 8,
831 611 855 647 2
896 613 1019 649 nescio
1058 624 1101 648 an
1139 614 1315 650 seruanda
1351 620 1428 650 erat
1466 615 1574 652 lectio
1613 616 1731 653 dictus

275 678 371 716 conl.
405 679 505 715 uisus
538 680 643 727 epist.
676 679 688 714 Ι
721 679 759 725 7,
793 679 846 716 74
1454 731 1459 735 .

157 759 192 796 p.
228 746 305 784 181
338 763 393 777 =
427 749 558 785 testim.
591 759 699 784 serm.
731 747 761 783 Il
791 748 839 796 8,
872 748 922 785 21
956 761 1023 798 pro
1055 749 1267 784 luxuriosas
1298 751 1370 800 leg.
1402 751 1613 787 luxuriosos

160 827 197 864 p.
231 811 310 853 183
341 832 397 845 =
429 827 550 865 appar.
583 826 694 853 serm.
727 816 755 853 11
787 817 833 864 8,
866 817 919 855 38
951 817 1060 854 adde:
1091 817 1224 855 subtile
1254 815 1360 863 52'5'

155 895 193 931 p.
230 883 308 922 185
339 900 394 913 =
425 890 513 920 text.
546 896 653 922 serm.
684 885 712 921 ll
744 885 784 932 8,
817 885 869 922 71
901 892 983 923 ante
1014 886 1135 922 aulaea
1168 886 1257 923 adde
1284 885 1487 936 *idemque
1519 890 1664 938 corrige
1695 891 1731 926 in

277 952 394 991 indice
425 964 460 1001 p.
493 952 575 990 387

157 1031 193 1068 p.
230 1019 308 1058 187
340 1037 395 1050 Ξ
426 1026 515 1058 text.
547 1033 657 1061 serm.
689 1021 716 1058 11
747 1022 795 1070 8,
828 1022 880 1060 95
912 1033 978 1071 pro
1011 1022 1107 1059 Afris
1138 1023 1211 1073 leg.
1245 1024 1368 1060 Asris.'

156 1099 192 1137 p.
226 1085 306 1126 192
338 1105 392 1118 =
423 1101 545 1138 appar,
578 1092 683 1139 epist.
714 1090 728 1126 1
753 1091 789 1138 1,
812 1090 867 1128 30
887 1102 953 1139 pro
977 1087 1125 1127 επάντα
1147 1095 1272 1129 νικῶν
1293 1093 1364 1142 leg.
1394 1086 1415 1130 ὁ
1439 1090 1574 1130 πάντα
1607 1097 1732 1132 νικῶν

160 1168 194 1205 p.
229 1156 309 1194 194
341 1173 396 1187 Ξ
429 1163 516 1194 text.
549 1159 655 1207 epist.
689 1158 701 1194 1
735 1159 779 1206 1,
812 1158 865 1196 47
898 1165 982 1207 post
1013 1166 1116 1208 optas
1148 1172 1242 1209 pone
1274 1172 1411 1197 comma

193 1224 277 1262 ibid.
338 1242 393 1255 =
425 1231 514 1263 text.
546 1228 652 1275 epist.
687 1227 701 1263 Ι
733 1227 778 1274 1,
810 1226 863 1264 53
897 1228 1021 1264 nescio
1053 1240 1096 1265 an
1129 1229 1374 1278 recipiendum
1405 1235 1482 1266 erat
1510 1229 1733 1279 *primumst

157 1305 193 1342 p.
227 1293 311 1331 210
339 1310 394 1324 =
426 1296 562 1336 testim.
595 1297 703 1344 epist.
735 1295 748 1331 l
780 1295 827 1343 3,
861 1296 912 1333 17
945 1296 1053 1333 adde:
1086 1298 1134 1333 cf.
1166 1297 1344 1343 Calpurn.
1367 1298 1484 1343 eclog.
1506 1301 1631 1343 4,158
1652 1311 1729 1344 sq.:

273 1363 379 1396 ‘nam
409 1363 476 1396 tibi
508 1364 565 1397 sas
597 1368 655 1397 est
686 1375 793 1406 sacra
821 1363 981 1399 Palatini
1011 1364 1216 1411 penetralia
1246 1366 1370 1400 uisere
1401 1365 1562 1400 Phoebi'

158 1442 196 1479 p.
229 1429 311 1468 234
342 1448 397 1462 =
429 1428 532 1468 text.⁴
551 1433 657 1480 epist.
690 1433 703 1469 1
735 1432 780 1479 9,
815 1433 866 1470 12
897 1439 982 1482 post
1012 1433 1190 1482 pudorem
1220 1445 1316 1482 pone
1347 1446 1486 1471 comma

158 1510 192 1548 p.
226 1497 306 1537 235
338 1517 393 1530 =
424 1506 511 1536 text.
545 1501 651 1549 epist.
683 1501 695 1537 l
730 1502 801 1549 10,
836 1502 887 1539 13
918 1508 1003 1551 post
1034 1503 1188 1550 primum
1219 1514 1314 1551 pone
1345 1514 1482 1539 comma

160 1579 196 1616 p.
228 1553 312 1605 '236
344 1584 399 1598 =
429 1574 517 1605 text.
551 1569 657 1617 epist.
691 1570 703 1606 Ι
736 1570 810 1617 10,
844 1570 896 1607 25
928 1582 996 1619 pro
1028 1570 1155 1607 victrix
1186 1570 1292 1607 scrib.
1327 1572 1457 1607 uictrix

159 1647 195 1684 p.
226 1628 311 1672 '242
344 1653 399 1666 =
430 1641 520 1674 text.
554 1638 658 1686 epist.
691 1637 704 1673 Ι
737 1637 810 1685 12,
843 1639 866 1675 7
898 1650 964 1687 pro
997 1638 1035 1675 Si
1066 1639 1137 1687 leg.
1170 1641 1202 1675 si

157 1715 194 1752 p.
228 1703 309 1741 245
341 1721 396 1735 Ξ
427 1716 549 1754 appar.
582 1707 689 1754 epist.
722 1706 734 1741 1
768 1706 842 1755 12,
877 1706 929 1743 14
959 1713 1045 1756 post
1078 1707 1186 1745 1865
1218 1707 1328 1744 adde:
1357 1720 1397 1754 p.
1434 1707 1511 1744 183

158 1785 194 1822 p.
228 1772 309 1811 265
341 1790 396 1803 =
428 1779 539 1811 text.
574 1775 709 1823 epist.
742 1774 752 1811 l
786 1775 854 1822 17,
886 1775 939 1813 58
971 1787 1054 1824 pro
1086 1777 1249 1814 tiruiis
1281 1775 1354 1825 leg.
1388 1776 1548 1811 triuiis

195 1840 280 1877 ibid.
342 1858 396 1871 =
427 1853 549 1890 appar.
582 1843 684 1891 epist.
716 1842 730 1878 l
765 1843 830 1891 17,
861 1843 916 1880 44
949 1843 992 1880 ἰη
1014 1843 1276 1893 exemplaribus
1308 1843 1520 1892 quibusdam
1552 1843 1732 1880 excidit

189 1956 211 1978 n
242 1955 384 1993 supra
416 1946 448 1979 81
479 1943 514 1981 in
547 1915 641 1979 fel-Ec
671 1958 695 1982 α

188 2041 195 2049 .
229 2011 309 2050 271
343 2029 397 2042 Ξ
430 2018 518 2050 text.
552 2014 658 2062 epist.
690 2014 703 2049 1
738 2014 811 2062 18,
844 2014 896 2052 53
928 2021 1013 2064 post
1044 2021 1175 2052 tractet
1205 2027 1300 2064 pone
1331 2015 1527 2052 semicolon

187 2109 195 2117 .
230 2080 310 2118 272
342 2098 396 2111 Ξ
430 2087 516 2118 text.
549 2083 655 2130 epist.
687 2082 700 2118 1
735 2083 810 2130 18,
844 2083 894 2121 67
926 2090 1012 2132 post
1044 2090 1083 2120 tu
1114 2095 1210 2133 pone
1241 2084 1313 2119 duo
1344 2089 1478 2132 puncta

227 2148 308 2187 302
339 2166 394 2179 Ξ
426 2155 512 2186 text.
545 2151 652 2199 epist.
683 2150 711 2187 11
745 2152 786 2192 1,
820 2151 900 2189 196
933 2158 1017 2200 post
1049 2163 1111 2188 ora
1142 2163 1238 2201 pone
1269 2151 1341 2188 duo
1373 2157 1504 2200 puncta

228 2217 312 2255 360
340 2234 396 2248 Ξ
426 2229 549 2267 appar.
581 2225 647 2256 art.
681 2225 781 2268 poet.
814 2220 895 2257 319
927 2225 1013 2269 post
1043 2220 1135 2257 locis
1167 2220 1277 2256 adde:
1308 2233 1332 2270 γ

187 2314 196 2322 .
229 2285 310 2323 362
341 2303 396 2316 Ξ
429 2292 515 2323 text.
547 2293 614 2327 art.
646 2293 744 2337 poet.
767 2288 848 2326 339
880 2300 961 2337 pro
993 2300 1074 2326 nec
1103 2288 1423 2337 recipiendum
1455 2287 1645 2324 uidetur
1675 2298 1727 2323 ne

188 2382 195 2390 .
229 2340 310 2390 364
341 2339 396 2384 Ξ
427 2367 550 2404 appar.
583 2362 651 2395 art.
684 2363 783 2405 poet.
816 2357 900 2395 360
930 2369 996 2406 pro
1029 2357 1197 2405 Cruquu.
1231 2357 1302 2406 leg.
1337 2357 1478 2404 Cruqu.

160 2433 196 2458 ln
229 2423 455 2459 numerandis
486 2425 629 2475 paginis
661 2425 874 2461 exciderunt
906 2427 1043 2462 numeri
1077 2425 1302 2463 365—368

158 2024 195 2265 ss-,e-ee

159 2297 182 2429 '’0''0‘

234 2932 412 2954 HORATIVS
441 2932 471 2954 11
498 2931 511 2954 2
655 2936 659 2939 “
828 2929 833 2933 ·
1093 2949 1095 2951 .
1342 2956 1346 2959 Δ
1485 2922 1522 2951 31
