1890 3106
217 146 303 188 220
746 162 905 188 HORATI
935 162 1227 189 Ems'rVLARvM

333 272 508 312 defodiet
538 272 761 322 condetque
794 273 971 311 nitentia.
1033 285 1120 311 cum
1152 271 1267 311 bene·
1288 278 1423 326 notum
1490 327 1495 333 ἴ
1704 278 1748 310 25

332 347 509 398 porticus
538 346 739 399 Agrippae
772 350 811 385 et
841 346 906 385 uia
937 351 975 386 te
1006 347 1256 398 conspexerit
1284 346 1404 398 Appi,

332 421 390 459 ire
422 424 555 459 tamen
587 424 709 459 restat
740 419 865 459 Numa
898 431 975 470 quo
1006 419 1167 460 deuenit
1198 424 1237 458 et
1267 420 1410 459 Ancus.

332 494 365 532 si
394 492 496 533 latus
527 498 594 532 aut
623 505 741 533 renes
771 493 911 534 morbo
941 498 1185 545 temptantur
1215 499 1348 552 acuto,

332 579 477 618 quaere
508 567 641 618 sugam
675 566 816 606 morbi.
867 568 929 607 uis
958 572 1067 607 recte
1100 567 1236 607 uiuere
1268 567 1371 619 (quis
1402 567 1542 619 non?):

332 642 365 680 si
398 642 524 680 uirtus
554 641 629 680 hoc
663 653 738 680 una
769 645 900 693 potest
930 642 1044 688 dare,
1077 642 1189 681 fortis
1220 643 1374 681 omissis
1705 647 1749 679 30

331 714 406 754 hoc
439 726 511 766 age
543 714 708 755 deliciis.
770 715 956 755 uirtutem
990 714 1111 754 uerba
1142 720 1258 768 putas
1290 721 1329 755 et
1383 716 1386 719 “
1491 704 1506 717 ⁴

331 787 463 827 lucum
493 787 615 839 ligna:
649 801 746 828 caue
777 801 827 827 ne
857 794 994 840 portus
1025 793 1191 841 occupet
1220 788 1330 835 alter,

332 874 382 901 ne
414 861 655 914 Cibyratica,
688 875 737 902 ne
770 861 937 915 Bithyna
969 864 1124 913 negotia
1156 863 1318 914 perdas;

216 1011 487 1038 TESTIMONIA.

310 1066 397 1098 25—
413 1067 455 1098 27
482 1068 584 1097 ‘cum
609 1066 702 1098 bene
730 1069 852 1098 notum
879 1066 1042 1108 porticus
1068 1065 1294 1108 Agripennio
1319 1069 1355 1098 te
1381 1067 1634 1109 conspexerit,
1662 1066 1749 1110 Apii

216 1111 267 1143 ire
292 1114 416 1143 tamen
442 1114 560 1143 restat
585 1111 622 1142 in
647 1111 725 1152 uia,
754 1121 824 1153 quo
852 1111 1003 1143 deuenit
1029 1115 1064 1143 et
1088 1111 1235 1144 Ancus’
1261 1111 1503 1144 Hildebertus
1526 1111 1651 1145 moral.
1667 1112 1748 1155 phi-

217 1156 282 1190 los.
310 1167 344 1198 p.
371 1157 437 1189 992
531 1156 574 1188 25
600 1166 651 1198 sq.
678 1156 725 1188 cf.
753 1156 860 1191 Ouid.
888 1166 932 1188 ex
958 1158 1075 1189 Ponto
1099 1156 1138 1189 11
1161 1157 1202 1199 4,
1229 1158 1270 1189 19
1295 1167 1370 1199 sq.:
1402 1160 1490 1190 ‘noe
1517 1157 1598 1190 fora
1621 1157 1746 1190 uide-

217 1205 319 1234 runt
345 1202 502 1244 pariter,
529 1211 595 1234 nos
621 1202 826 1244 porticus
851 1202 986 1243 omnis,
1012 1212 1078 1234 nos
1104 1201 1195 1244 uia,
1222 1212 1287 1235 nos
1306 1202 1443 1235 iunctis
1460 1213 1574 1238 curua.
1597 1202 1746 1235 theatra

216 1247 328 1280 loeis’
445 1248 486 1279 31
515 1257 570 1289 sq.
596 1248 643 1281 cf.
667 1248 827 1280 Ioannes
852 1246 1148 1280 Saresberiensis
1173 1247 1299 1290 policia
1329 1248 1395 1281 VII
1422 1249 1480 1280 12:
1512 1251 1660 1281 ‘errant
1685 1248 1747 1291 qui

216 1294 391 1325 uirtutem
415 1292 530 1325 uerba
554 1296 703 1335 putant,
729 1297 769 1326 ut
793 1292 913 1325 lucum
939 1292 1060 1335 ligna’

215 1444 345 1471 VARIA
376 1434 543 1508 LEdffTIO'

474 1491 489 1509 8

216 1526 363 1571 captiui
390 1523 515 1571 pferet
544 1534 569 1557 υ
600 1522 760 1570 proferat
781 1517 832 1558 A'
843 1535 867 1572 γ
887 1517 981 1559 Ελ’
1005 1519 1059 1572 (β’
1071 1535 1100 1558 π·
1108 1517 1151 1558 'o‘
1172 1533 1185 1558 1
1206 1522 1240 1570 r)
1267 1519 1443 1574 psersss&
1464 1519 1488 1559 ὃ
1517 1523 1661 1588 profert
1687 1535 1712 1572 9
1732 1533 1748 1560 1

216 1581 362 1626 profer!
396 1585 433 1613 at
461 1579 752 1615 Praedicomius
868 1579 919 1616 26
952 1591 1111 1628 agryppe
1143 1578 1163 1614 λ
1255 1575 1308 1629 et]
1343 1581 1446 1616 omis.
1479 1574 1531 1615 A'
1542 1581 1620 1629 Εγ
1641 1579 1679 1626 (ν
1698 1574 1748 1615 π’

214 1649 238 1685 y
259 1650 281 1673 r
302 1643 334 1672 et
354 1634 394 1685 β)
426 1636 598 1672 Botheus
627 1635 807 1672 exlzzbent
828 1636 865 1672 F
883 1627 954 1672 11¹6
975 1648 992 1672 ε
1013 1635 1050 1684 (σ
1066 1648 1092 1672 υ
1120 1642 1152 1671 et
1179 1635 1319 1684 Fran.)
1347 1638 1461 1680 floriL
1484 1637 1746 1678 Nostradam„
1740 1651 1748 1660 -

215 1686 375 1741 Porphs
399 1699 432 1727 et
461 1692 581 1729 schol.
615 1690 654 1727 Γ
678 1694 717 1729 in
748 1694 1069 1740 interpretatione
1098 1695 1228 1728 habent
1259 1690 1338 1726 et'
1455 1694 1549 1742 appii
1579 1693 1617 1730 F
1635 1691 1656 1728 λ
1682 1689 1707 1729 ὃ
1727 1704 1745 1729 ε

208 1756 358 1841 ἶὲἔξιίν
464 1793 516 1831 27
549 1755 723 1842 qffouenit
753 1807 784 1842 φ
861 1763 936 1842 ιᾷῗῗ
965 1799 999 1842 ψ
1105 1807 1142 1831 u.
1176 1794 1228 1832 28
1261 1795 1327 1830 del.
1362 1794 1400 1831 C.
1424 1795 1470 1830 F.
1493 1794 1747 1831 Her-mannus

210 1864 346 1900 proyr.
365 1851 565 1898 Marbury.
588 1850 694 1888 1838
707 1863 749 1898 p.
777 1850 845 1893 15;
866 1863 1080 1896 quamquam
1096 1858 1172 1887 test.
1190 1843 1470 1898 Pph.'Porph.'
1481 1852 1598 1898 floril.
1617 1850 1744 1888 Nostr.

216 1915 249 1943 et
277 1910 347 1942 iam
380 1907 550 1943 Serenus
581 1907 844 1944 Sammonicus
880 1910 973 1943 Ιιιιηο
1011 1910 1122 1943 locum
1156 1909 1311 1943 imitatus
1345 1914 1394 1943 est
1425 1907 1497 1944 29:
1541 1905 1682 1952 ‘portio
1713 1906 1744 1940 si

217 1965 348 2011 capitis
380 1964 503 1997 morbo
535 1968 735 2009 temptatur
766 1963 899 1998 acuto'
933 1965 1032 2002 3292
1065 1964 1119 1999 ‘si
1152 1965 1248 1999 latus
1268 1964 1481 1998 immeritum
1504 1963 1627 1997 morbo
1658 1967 1746 1997 tem-

215 2026 342 2067 ptatur
374 2019 504 2054 acuto'
608 2020 660 2058 28
693 2026 753 2056 aut
785 2017 908 2071 renes]
941 2033 1093 2058 aurenes
1115 2024 1144 2057 A
1167 2032 1177 2057 1
1201 2021 1221 2057 λ
1252 2028 1288 2055 et
1318 2033 1426 2056 renes
1447 2032 1549 2068 rpr.
1572 2032 1597 2056 υ
1617 2032 1643 2067 y
1663 2031 1742 2067 opp.

215 2072 326 2125 Pphs
355 2079 471 2126 floril.
507 2077 636 2114 Nostr.
753 2082 950 2125 temptatur
978 2090 1002 2127 γ
1109 2077 1160 2115 29
1194 2076 1272 2114 ‘uis
1303 2073 1420 2127 recte]
1453 2074 1743 2121 interrogatiue'

214 2136 330 2183 91038.
365 2134 402 2169 Γ
493 2134 573 2182 quis
604 2130 696 2184 non]
730 2134 1005 2168 confirmatiue’
1044 2137 1160 2183 yloss.
1193 2134 1231 2170 Γ
1254 2135 1341 2180 quid
1373 2145 1444 2167 non
1474 2135 1638 2182 florileg).
1668 2133 1744 2171 Νο-

216 2193 401 2228 stradam.
491 2190 540 2227 31
576 2185 664 2240 hoc]
698 2191 786 2223 haec
816 2202 846 2226 ω
877 2203 957 2237 opp.
990 2193 1094 2226 etiam
1125 2203 1222 2229 omn.
1254 2193 1361 2228 codd.
1397 2189 1510 2238 Cruq.
1600 2189 1648 2226 31
1684 2189 1745 2226 de·

215 2247 308 2284 lictis
341 2248 380 2284 E
398 2253 432 2293 ψ
452 2259 539 2283 uar.
562 2241 674 2294 Pph!
705 2246 857 2283 delictus
888 2261 918 2295 φ
940 2260 1026 2285 uar.
1059 2248 1198 2282 diuitiis
1226 2250 1388 2296 florileq.
1421 2247 1666 2284 Nostradam.

215 2310 321 2352 putas
352 2305 384 2339 A
406 2315 509 2340 corr.
532 2304 610 2353 Ey
630 2304 669 2339 F
686 2296 724 2338 λ’
742 2300 765 2338 ὃ
786 2300 868 2347 2ς”
887 2307 1048 2353 floriley,
1073 2306 1252 2342 Nostrad.
1284 2310 1390 2353 putes
1421 2304 1454 2339 A
1479 2315 1542 2350 pr.
1565 2299 1589 2339 ὃ
1611 2313 1623 2339 1
1652 2314 1669 2339 ε
1698 2301 1745 2350 (et

215 2406 238 2443 3
263 2407 371 2443 codd.
395 2404 554 2451 Bland.)
577 2405 706 2442 Bentl.
796 2410 833 2442 et
863 2402 936 2441 „Q”
952 2402 990 2450 ς’
1009 2366 1065 2440 *elit
1088 2419 1113 2443 v
1144 2411 1184 2443 ut
1214 2402 1444 2453 ‹p1eorr.(6
1464 2415 1480 2441 2
1499 2406 1513 2441 l
1532 2403 1562 2450 2)
1583 2398 1698 2452 ω(’β
1707 2415 1742 2439 π.

214 2466 262 2510 1.,
294 2468 335 2496 ut
354 2461 379 2512 β
389 2457 424 2498 ’2
454 2467 496 2499 uc
516 2460 607 2509 uid.)
635 2463 798 2510 florileg).
826 2463 1070 2500 Nostradam.
1094 2455 1251 2510 Porpk':
1282 2462 1344 2495 ‘Si
1372 2462 1423 2495 ita
1444 2460 1646 2494 contemnis
1668 2459 1742 2494 uir-

214 2524 347 2562 tutem,
380 2524 421 2552 ut
451 2530 523 2552 non
556 2529 727 2552 summum
757 2518 891 2552 bonum
922 2532 997 2554 eam
1028 2521 1091 2554 sed
1124 2519 1238 2554 uerba
1266 2518 1471 2560 existimes,
1502 2517 1535 2551 si
1565 2516 1744 2569 religione

216 2588 286 2610 non
318 2575 522 2620 mouearis,
562 2579 602 2608 ut
632 2574 734 2613 lucos
767 2577 893 2609 ‘sacros
924 2577 962 2610 in
995 2578 1062 2610 hoc
1091 2581 1200 2622 putes
1231 2579 1350 2618 stare,
1393 2579 1434 2607 ut
1463 2573 1563 2617 ligna
1593 2571 1743 2607 homini-

213 2633 283 2666 bus
321 2635 532 2677 praestent,
571 2631 740 2676 relinque
780 2632 867 2665 haec
905 2638 942 2668 et
979 2644 1073 2679 quae
1109 2632 1252 2667 miraris
1289 2641 1446 2676 sequere
1476 2629 1556 2677 (sic,
1594 2640 1667 2663 mm
1702 2635 1741 2664 ut

215 2687 404 2736 Hautlz.)'
494 2686 546 2725 32
578 2688 699 2724 lucum
729 2684 845 2737 ligna]
879 2689 962 2723 lusu
994 2690 1106 2733 digna
1135 2690 1170 2726 Ι.
1203 2688 1376 2725 Clericus
1462 2686 1559 2723 Locsi
1589 2685 1611 2720 λ
1631 2695 1644 2722 1

216 2745 267 2781 33
291 2745 482 2793 cibyratica
503 2740 555 2780 A
571 2744 608 2792 (ν
630 2757 652 2780 ν
672 2750 704 2779 et
725 2742 767 2791 π)
799 2746 913 2791 cybzr
915 2746 994 2783 1t1ca
1015 2747 1054 2783 E
1080 2745 1270 2794 cybiratica
1287 2754 1346 2792 72
1367 2742 1419 2791 (y)
1448 2742 1628 2779 cibis-atina
1648 2742 1686 2778 F
1703 2735 1742 2777 λ’

215 2798 239 2836 ὃ
260 2812 276 2837 ε
298 2812 314 2837 2
335 2801 371 2847 (σ
374 2801 384 2846 )
416 2800 594 2849 cybratica
622 2813 645 2850 γ
667 2811 680 2837 1
712 2799 775 2837 tihi
806 2802 915 2838 ratica
946 2815 963 2839 ε
987 2814 996 2839 1
1080 2802 1227 2850 bythina
1247 2813 1270 2849 γ
1301 2800 1437 2836 bithina
1458 2799 1496 2835 Ε
1513 2795 1537 2834 δ
1567 2798 1705 2847 pithina
1723 2809 1741 2834 ε
1767 2845 1769 2847 ¹

216 2862 320 2893 recte
352 2852 400 2893 A
410 2858 447 2893 F
463 2854 504 2894 λ
593 2857 745 2906 negocia
775 2856 795 2892 λ
