1890 3106
874 149 940 179 vv.
973 148 1075 176 56-67
1655 131 1741 176 335

314 255 508 303 debemur
539 264 659 303 morti
689 275 761 303 nos
792 269 1026 314 nostraque:
1059 263 1146 303 siue
1176 266 1362 315 receptus

313 342 421 377 terra
452 336 660 389 Neptunus
690 337 838 378 classes
867 336 1128 390 Aquilonibus
1159 342 1289 387 arcet,

313 411 419 462 regis
449 423 548 463 opus
578 410 779 452 sterilisue
810 411 958 464 *palus
989 411 1055 451 diu
1086 416 1258 464 aptaque
1289 411 1410 450 remis
1697 416 1740 448 65

313 485 469 525 uicinas
500 484 622 525 urbes
653 485 723 525 alit
753 491 791 525 et
822 497 946 537 graue
976 487 1097 525 sentit
1127 490 1324 531 aratrum,

313 571 384 599 seu
415 571 575 599 cursum
607 561 778 601 mutauit
806 561 983 612 iniquom
1016 559 1197 611 frugibus
1227 560 1376 604 amnis,

206 743 478 771 TESTIMONIA.

289 811 436 843 63—-65
460 809 675 843 Priscianus
700 810 815 843 instit.
840 810 892 842 VI
918 811 981 853 16,
1008 810 1051 842 83
1150 809 1194 842 63
1220 809 1421 841 ‘debemur
1446 827 1484 832 —
1514 811 1739 852 nostraque’

201 855 353 888 Seruius
379 856 424 888 ad
450 857 540 889 Aen.
566 855 674 888 VIIII
698 857 741 889 96
767 856 986 898 florilegium
1012 855 1168 890 Par-isin.
1194 855 1305 888 8818a
1336 854 1582 887 Hildebertus
1614 854 1743 888 moral.

199 901 331 944 philos.
358 912 392 944 p.
418 903 483 934 971
510 901 724 934 Vincentius
750 901 1031 934 Bellouaeensis
1057 900 1196 943 specul.
1214 901 1343 933 histor.
1362 900 1434 934 VII
1451 901 1506 933 67.
1531 901 1613 933 uita
1631 900 1740 933 Adal-

199 948 347 980 beronis
374 957 404 979 c.
425 949 463 979 11
493 944 633 991 [Pertz.
661 947 772 980 XIIII
788 947 919 980 =XII
945 958 979 990 p.
999 944 1081 990 134]
1177 947 1220 979 63
1247 957 1299 989 sq.
1327 949 1521 989 ‘receptus
1546 964 1590 969 ——-
1616 949 1743 979 arcet’

201 992 454 1034 Quintilianus
479 993 598 1026 instit.
625 993 713 1026 VIII
730 994 769 1032 6,
788 994 832 1026 23
926 994 970 1025 65
995 993 1196 1025 ‘Horatius
1221 992 1416 1034 corripuit,
1442 995 1502 1024 ut:
1529 992 1742 1034 sterilisque

199 1038 263 1070 diu
287 1038 395 1081 palus
420 1041 580 1081 aptaque
599 1039 728 1070 remis’
755 1038 906 1070 Seruius
933 1038 979 1070 ad
997 1038 1087 1072 Aen.
1105 1038 1157 1071 VI
1176 1039 1251 1070 107.
1278 1037 1516 1079 ‘sterilisque
1541 1056 1586 1061 —
1611 1038 1742 1070 remis’

198 1083 296 1116 idem
322 1083 369 1116 ad
393 1081 487 1116 Aen.
513 1085 551 1117 11
575 1084 619 1117 69
646 1087 684 1117 et
709 1084 862 1117 Seruius
887 1085 1097 1117 Honoratus
1124 1083 1169 1116 de
1194 1082 1368 1116 finalibus
1393 1084 1414 1116 6
1439 1094 1473 1126 p.
1501 1084 1568 1117 452
1594 1084 1639 1120 Κ.

201 1257 331 1286 VARIA
359 1256 530 1285 LEOTIO.

201 1330 359 1363 tractat.
394 1326 599 1363 Vindobon.
625 1327 715 1374 flor.
740 1327 870 1364 Nostr.
904 1325 1029 1359 uirent
1047 1337 1073 1372 y
1097 1322 1392 1375 [Montepessul.
1426 1338 1514 1363 aar.
1541 1325 1561 1361 1
1598 1322 1742 1376 Vatia]

201 1384 330 1420 Benll.
430 1383 481 1420 63
514 1383 555 1419 d:
588 1379 662 1433 m:]
696 1387 876 1417 mutamur
906 1383 1055 1416 formam
1087 1382 1372 1430 Peerlkampus
1467 1382 1646 1419 Debemur
1676 1383 1747 1433 70

201 1436 295 1477 Fk'
319 1436 342 1475 ὃ
362 1452 387 1477 u
410 1436 463 1483 ς”
491 1441 589 1487 ΡρΙι.
621 1442 714 1477 Acr.
746 1445 904 1478 tractat.
946 1440 1152 1478 Vindobon.
1180 1441 1344 1488 florileg).
1375 1440 1507 1477 Paris.
1540 1439 1682 1477 8818ῑι
1713 1446 1746 1475 et

202 1498 449 1535 Nostradam.
480 1497 678 1534 Prisciani
707 1499 833 1535 codex
868 1499 1031 1545 optimus
1061 1496 1126 1544 (R)
1165 1499 1245 1534 uita
1276 1497 1534 1534 Adalberonis
1564 1495 1743 1533 Debemus

201 1555 238 1592 B
258 1553 292 1602 (τ
314 1553 342 1601 1)
371 1554 440 1602 Pf.
462 1554 661 1591 Prisciani
689 1555 798 1592 codd.
828 1556 1007 1602 plerique
1038 1553 1171 1591 Seruii
1201 1555 1284 1590 cod.
1317 1554 1549 1602 Reyincnsis
1581 1554 1745 1602 Vincen-

201 1614 276 1649 tius
293 1610 476 1647 Debemus.
493 1623 512 1646 τ
532 1611 725 1645 Debentur
736 1611 987 1648 Hildebertus
994 1627 1006 1653 ;
1027 1623 1230 1657 ewpressum
1247 1623 1290 1645 ex
1308 1610 1490 1648 Simonid.
1503 1611 1653 1659 fraqm.
1665 1610 1745 1647 122

201 1670 260 1705 ed.
293 1668 440 1716 Berylc.
463 1662 479 1688 3
503 1679 547 1715 p.
581 1668 709 1706 1159:
746 1663 937 1719 (θανάτῳ
968 1662 1114 1713 πάντες
1144 1661 1417 1716 ὄφειλόμεθα’
1454 1668 1561 1705 Ouid.
1591 1671 1744 1704 melam.

202 1725 230 1761 X
252 1724 326 1762 32:
360 1723 503 1758 ‘omnia
534 1725 709 1760 debemur
739 1726 846 1760 uobis
877 1725 943 1773 (se.
977 1725 1034 1759 dis
1064 1724 1237 1772 inferis)’
1376 1724 1429 1763 64
1459 1725 1593 1762 classes
1613 1720 1674 1760 ,52'
1694 1721 1746 1768 ς”

316 1782 367 1820 65
400 1781 508 1830 Regis
540 1794 632 1831 opus
662 1775 785 1826 520„st
806 1783 901 1820 Aer.
922 1787 1081 1819 tractat.
1119 1784 1326 1834 Vindobon.
1360 1781 1502 1827 regium
1531 1792 1624 1826 opus
1650 1781 1745 1818 Mei-

202 1839 360 1880 nelciu83
395 1838 502 1875 Ouid.
532 1839 630 1886 fast.
652 1838 696 1874 Vl
719 1838 820 1877 259:
862 1838 1016 1883 ‘regis
1049 1851 1166 1885 opus
1205 1839 1338 1885 placidi
1369 1850 1442 1884 quo
1476 1851 1548 1872 non
1580 1843 1746 1872 metuen-

203 1895 280 1929 tius
311 1895 422 1929 ullum
454 1894 552 1932 etc.'
583 1896 730 1933 Auson.
752 1896 903 1933 Mosen.
927 1896 1144 1934 287—90:
1176 1896 1286 1941 ‘quis
1317 1896 1422 1930 modo
1453 1895 1659 1930 Sestiacum
1682 1907 1745 1940 pe-

203 1953 332 1998 lagus,
362 1952 613 1998 Nepheleidos
635 1952 762 1987 Helles
784 1964 945 2000 aequor,
977 1953 1147 1997 Abydeni
1178 1954 1273 1986 freta
1295 1953 1379 1998 quis
1400 1952 1554 1986 miretur
1585 1952 1746 1997 ephebi?

203 2010 288 2055 quis
310 2009 558 2043 Chalcedonio
590 2014 819 2044 constratum
850 2010 895 2043 ab
926 2009 1034 2044 litore
1055 2014 1227 2055 pontum,
1259 2009 1390 2054 regis
1423 2020 1539 2054 opus
1569 2007 1745 2053 magni2'

202 2068 319 2104 Acin:
358 2065 476 2101 <Nam
506 2067 608 2112 regis
641 2078 734 2112 opus
767 2070 826 2101 est
855 2067 1046 2101 admittere
1078 2072 1201 2101 terrae
1230 2077 1349 2109 mare,
1388 2066 1542 2112 paludes
1574 2065 1747 2099 deriuare

202 2124 239 2157 in
272 2128 371 2158 terra
402 2123 518 2171 (intra
539 2136 563 2172 γ
585 2123 643 2171 ν),·
674 2128 805 2168 portus
833 2124 1020 2169 significat
1049 2128 1170 2158 autem
1191 2123 1392 2157 Lucrinum
1413 2126 1560 2169 portum
1591 2126 1629 2156 et
1654 2122 1747 2155 alios

204 2181 268 2226 qui
298 2181 497 2215 manufacti
529 2187 619 2215 sunt
649 2181 694 2214 ab
725 2180 897 2225 Augusto
928 2186 965 2215 et
995 2181 1066 2215 alia
1095 2192 1222 2226 regum
1254 2192 1386 2226 opera3
1417 2181 1485 2214 hoc
1517 2184 1576 2214 est
1605 2179 1747 2224 regium

205 2249 299 2283 opus
330 2238 429 2283 quod
461 2237 585 2272 nullus
617 2238 740 2272 facere
770 2243 895 2283 potest
925 2238 998 2272 nisi
1029 2237 1127 2276 rex'r
1212 2237 1396 2274 sterilisue
1418 2234 1441 2273 ὃ
1460 2236 1495 2283 (ν
1516 2248 1536 2272 τ
1558 2249 1581 2273 a
1603 2249 1629 2272 υ
1650 2243 1684 2271 ct
1704 2234 1747 2282 π)

206 2296 297 2331 Acr.
331 2300 372 2331 ut
402 2297 479 2332 uid.
513 2299 670 2331 tractat.
705 2295 910 2333 Vindobon.
945 2296 1070 2332 Bentl.
1103 2294 1296 2332 sterelisue
1327 2307 1350 2343 γ
1381 2294 1590 2342 sterilisque
1623 2295 1658 2330 B
1677 2292 1706 2329 C
1715 2294 1752 2329 F

204 2351 225 2388 λ
247 2364 271 2388 u
293 2347 384 2401 (β’σ
407 2363 418 2389 1
443 2357 483 2388 ut
504 2354 579 2389 uid.
601 2365 623 2388 r
645 2363 656 2388 1
679 2358 711 2386 et
731 2351 852 2400 Lips.)
874 2353 972 2400 Pph.
997 2354 1231 2390 Priscianus
1262 2352 1425 2389 Seruius
1454 2352 1686 2398 Honoratus
1714 2356 1747 2384 et

206 2409 369 2446 Seruius
390 2411 443 2446 ad
461 2410 555 2445 Aen.
589 2409 811 2455 sterelisque
832 2412 844 2446 l
866 2410 931 2457 Pf.
1050 2409 1111 2445 diu
1141 2409 1245 2458 palus
1264 2400 1388 2452 Ω’ς”
1410 2408 1476 2456 Pf.
1502 2408 1632 2444 Seruii
1650 2419 1746 2443 cons.

209 2467 303 2514 Pplz.
335 2464 435 2513 (‘diu
469 2464 625 2511 paulus'
657 2465 771 2513 Pplz.)
802 2457 954 2501 testatur
984 2467 1217 2503 Priscianus
1247 2464 1355 2511 palus
1386 2465 1447 2499 diu
1470 2465 1503 2502 Ι.
1526 2465 1579 2501 M.
1605 2465 1746 2501 Gesne-

205 2534 275 2560 rus
303 2525 402 2575 prob.
436 2523 674 2560 Lachmann.
708 2534 804 2560 mus.
838 2523 962 2560 Rhen.
994 2522 1037 2559 lIl
1068 2522 1149 2561 614
1191 2529 1225 2558 et
1256 2524 1308 2559 ad
1336 2522 1492 2559 Lucret.
1520 2534 1562 2568 p.
1595 2521 1674 2558 196
1713 2527 1747 2556 et

205 2580 247 2616 L.
272 2581 428 2618 Mizlleiz
461 2582 507 2617 de
545 2591 589 2617 re
619 2585 730 2617 metr.
764 2592 808 2627 p.
842 2579 945 2622 308;
983 2581 1018 2614 iu
1051 2593 1071 2616 τ
1109 2579 1172 2613 diu
1212 2591 1336 2626 supra
1376 2591 1412 2616 u.
1445 2581 1632 2625 scriptum
1672 2584 1749 2620 est,-

206 2637 312 2681 palus
344 2638 448 2682 prius
472 2637 674 2674 Bentleius
761 2636 868 2682 palus
897 2642 1095 2684 aptataque
1116 2637 1321 2674 Marcilius
1352 2636 1458 2681 palus
1490 2635 1625 2669 dudum
1649 2639 1746 2669 acta—

206 2705 278 2738 que
310 2694 598 2742 Cuninyhamus
630 2693 736 2739 palus
767 2695 982 2740 agitataque
1019 2695 1117 2731 idem
1148 2693 1255 2739 palus
1287 2692 1509 2738 pulsataque
1540 2692 1747 2729 Marklan-

206 2751 279 2787 dus
310 2751 416 2796 palus
449 2751 530 2785 olim
561 2751 848 2798 Peerlkampus
933 2756 1015 2799 apta
1046 2747 1175 2794 Ω’ς”
1208 2754 1289 2783 acta
1317 2762 1343 2796 y
1367 2745 1411 2801 [1
1435 2750 1517 2786 cod.
1543 2744 1669 2798 Fene]

321 2808 373 2845 67
407 2809 561 2844 motauit
594 2809 623 2845 C
641 2821 724 2854 opp.
746 2800 858 2855 Pple.'
943 2809 1105 2856 iniquom
1138 2807 1167 2844 0
1195 2810 1299 2843 omis.
1322 2807 1359 2842 B
1387 2808 1551 2854 iniquum
1582 2799 1748 2850 cett.'n3''

207 2861 320 2911 Pple.l
352 2865 490 2910 iniqum
521 2878 547 2913 y
568 2861 747 2915 [Rama]
836 2865 938 2901 annis
969 2877 994 2901 u
1025 2876 1139 2898 arnus
1169 2875 1195 2911 y
1220 2859 1423 2914 [Doruill]

1473 2939 1541 2972 ⁶22*
