1930 3094
77 289 195 316 Seruius

56 1410 213 1437 SCllOLlA

35 1671 125 1697 codex
153 1670 223 1706 Pph.

84 1705 189 1740 Porph.

57 1886 146 1912 codex
169 1885 210 1911 Ps-

97 1919 170 1946 Pors-

37 2292 109 2318 iiber
125 2292 219 2318 arche-

34 2330 122 2360 typus
138 2326 218 2361 Pph.¹

76 2360 190 2394 Porpn:

55 2838 146 2865 codex
171 2839 220 2864 Ac.

103 2874 171 2901 Aer.

240 171 311 199 x1v
889 171 1124 199 PRAEFATIO

356 283 406 321 de
437 283 680 321 testimoniis
721 295 772 321 ex
802 281 948 321 Seruio
979 283 1138 336 Vergili
1169 289 1486 324 commentatore
1522 287 1692 339 sumptis
1722 287 1776 326 ad

235 350 312 388 hoc
341 350 535 389 uolumen
566 363 650 388 non
690 350 826 388 minus
864 351 977 389 ualet
1017 351 1140 400 illud,
1184 352 1295 404 quod
1333 353 1377 390 in
1407 353 1526 404 primi
1555 353 1775 404 uoluminis

235 417 493 463 praefatione
539 418 687 456 dicturi
733 431 912 466 eramus,
968 419 1166 470 grauioris
1220 419 1387 471 quidem
1435 422 1630 460 momenti
1673 421 1774 462 locis

236 484 506 523 Thilonem
541 499 565 523 a
596 485 715 524 nobis
738 485 966 524 consultum
987 485 1143 539 absque
1176 501 1245 536 eo,
1277 500 1360 539 qua
1389 487 1494 527 solet
1513 487 1773 538 liberalitate,

237 565 481 604 responsum
521 566 622 592 esse.
683 558 898 605 praeterea
934 553 1053 593 nobis
1090 555 1150 593 uti
1187 555 1303 594 licuit
1340 555 1571 594 Hermanni
1607 556 1775 608 Hageni

236 633 347 659 noua
382 620 574 672 bonaque
610 620 858 659 scholiorum
891 621 1181 670 Beruensium,
1223 628 1323 674 quot
1353 623 1406 662 ad
1436 623 1623 663 bucolica
1652 629 1775 677 atque

236 689 428 740 georgica
458 689 688 740 pertinent,
722 688 905 727 editione
939 687 1069 741 [Lips.
1104 691 1211 729 1867
1243 691 1288 729 in
1318 691 1615 743 supplementis
1645 706 1773 732 anna-

238 755 337 794 lium
367 756 709 807 philologicorum
740 756 831 794 IIII
861 770 900 808 p.
935 755 1220 810 669—1008].

351 838 531 879 Omnino
562 853 842 892 quaecumque
871 840 997 880 libros
1018 855 1148 894 usque
1179 843 1233 882 ad
1255 843 1391 882 XIIII
1420 844 1575 883 saeculi
1605 844 1766 884 initium

237 909 408 960 scriptos
447 908 741 955 perscrutando
780 908 1122 960 inuestigauimus
1159 911 1395 949 testimonia
1432 911 1681 961 Horatiana,
1721 926 1770 952 ea

237 977 511 1028 excerpsimus
541 977 736 1027 typisque
766 975 1066 1017 mandauimus.
1115 977 1218 1016 illud
1249 990 1411 1030 quoque
1441 979 1508 1018 hic
1529 980 1655 1032 gratis
1686 981 1772 1019 ani-

235 1044 310 1082 mis
342 1056 657 1082 commemorare
688 1056 762 1081 nos
799 1043 935 1092 decet,
979 1045 1089 1096 quod
1128 1045 1348 1097 Iosepho
1378 1047 1591 1086 Kleinio
1630 1053 1770 1087 nostro

237 1111 395 1162 aliquot
423 1111 659 1150 testimonia
687 1104 740 1150 cx
769 1110 921 1150 Isidori
951 1112 1158 1152 codicibus
1188 1113 1386 1152 Parisinis
1417 1115 1547 1166 petita
1579 1115 1774 1155 debemus

238 1184 279 1217 et
307 1179 557 1218 Heinrico
588 1179 786 1227 Keilio,
819 1184 1050 1219 nostrorum
1081 1177 1249 1232 operum
1272 1181 1423 1221 fautori
1453 1183 1688 1231 clarissimo,
1721 1183 1772 1222 de

237 1260 322 1285 non
360 1247 483 1285 nullis
522 1247 639 1295 locis,
686 1248 756 1299 qui
801 1247 913 1299 apud
951 1249 1234 1299 grammaticos
1279 1255 1377 1288 tunc
1414 1250 1598 1290 nondum
1642 1251 1774 1290 editos

236 1314 395 1353 laudati
427 1320 564 1363 crant,
598 1315 791 1354 certiores
823 1315 921 1354 facti
951 1329 1102 1355 sumus.

350 1400 480 1438 Multo
519 1399 645 1451 pluris
676 1413 775 1438 uero
814 1414 862 1441 ea
900 1400 1085 1441 subsidia
1123 1402 1381 1442 aestimanda
1417 1409 1531 1451 sunt,
1579 1416 1685 1456 quae
1722 1418 1773 1443 ex

237 1467 402 1506 scholiis
444 1467 765 1520 tractatibusque
796 1468 1035 1507 Horatianis
1064 1475 1272 1516 petuntur.
1320 1483 1441 1522 quam
1486 1471 1537 1510 ob
1576 1485 1662 1511 rem
1698 1471 1773 1511 has

239 1535 493 1574 conlationes
524 1541 596 1574 aut
626 1536 797 1574 fecimus
828 1542 899 1574 aut
929 1538 1272 1588 comparauimus:

352 1613 392 1664 1)
426 1614 479 1652 ad
510 1614 809 1653 restituendum
829 1614 1177 1667 Porphyrionem,
1211 1628 1331 1667 quem
1361 1622 1495 1655 aetate
1516 1617 1772 1669 superiorem

244 1681 560 1720 Pseudoacrone
593 1695 680 1720 esse
703 1682 1069 1721 demonstrauimus
1100 1683 1142 1721 in
1174 1683 1470 1735 philologorum
1491 1685 1772 1724 Bonnensium

238 1749 434 1801 symbolis
465 1763 503 1800 p.
533 1750 778 1798 489-501,
811 1763 895 1788 11011
926 1750 1217 1790 Monacensem
1247 1751 1378 1790 solum
1408 1752 1590 1792 codicem
1619 1753 1773 1792 saeculi

237 1807 485 1856 VnH—Y(
522 1818 729 1869 signatum
766 1832 829 1858 nr.
868 1818 960 1857 Lat.
996 1820 1073 1857 181
1117 1818 1188 1870 (cf.
1226 1819 1310 1858 1101.
1341 1820 1363 1858 Ι
1399 1821 1531 1871 praef.
1569 1834 1610 1872 p.
1641 1819 1771 1870 XIII)

239 1886 483 1923 contulimus
523 1886 916 1937 recognouimusque
954 1886 1051 1938 ipsi,
1092 1900 1235 1926 uerum
1274 1888 1397 1926 etiam
1426 1888 1772 1928 Wolfenbuttela-

243 1967 339 1991 num
378 1954 558 1992 codicem
596 1954 747 1992 saeculi
785 1954 920 1992 XIIII
957 1955 1163 2006 signatum
1203 1970 1264 1994 nr.
1296 1956 1388 1995 Lat.
1420 1957 1473 1995 85
1512 1955 1771 1996 Gudianum:

238 2034 359 2072 quem
388 2020 536 2060 librum
567 2021 816 2073 suffragante
849 2021 1143 2074 Ohristophoro
1173 2023 1339 2063 Doellio
1377 2038 1417 2063 u.
1451 2024 1501 2063 cl.
1533 2023 1770 2063 commodis-

238 2089 337 2126 sime
367 2088 487 2127 nobis
518 2089 682 2127 miserat
711 2077 999 2128 Bartelsius
1029 2090 1318 2142 bybliothecae
1341 2091 1497 2131 ducalis
1526 2091 1768 2131 secretarius

237 2156 551 2195 humanissimus
581 2156 771 2208 idemque
791 2158 1120 2197 litteratissimus.
1161 2173 1212 2198 ex
1241 2159 1303 2198 his
1327 2159 1486 2198 duobus
1505 2159 1622 2199 libris
1642 2173 1768 2199 manu

236 2225 397 2275 scriptis
435 2225 731 2263 construximus
770 2225 984 2277 archetypi
1030 2226 1238 2266 amborum
1281 2228 1481 2267 lectiones
1525 2227 1770 2279 significaui-

238 2304 407 2343 musque
440 2289 599 2340 Porphs
629 2298 670 2330 et
697 2290 824 2343 Pph.';
857 2288 1017 2341 Porplz.'
1043 2312 1099 2326 =
1130 2295 1492 2347 interpretationes
1511 2295 1772 2334 Monacensis

245 2365 285 2398 et
314 2359 689 2398 Wolfenbuttelani
718 2361 828 2399 inter
856 2374 900 2399 se
930 2368 1221 2413 congruentes3
1258 2357 1368 2411 Pplz.'
1387 2381 1443 2394 =
1473 2363 1664 2402 lemmata
1682 2363 1769 2402 Mo-

242 2428 432 2465 nacensis
472 2432 512 2465 et
546 2427 922 2467 Wolfenbuttelani
959 2430 1067 2469 inter
1103 2444 1147 2469 se
1184 2431 1467 2482 congruentia.
1526 2430 1771 2482 ubicumque

238 2507 336 2533 uero
375 2494 638 2533 Monacensis
677 2501 718 2533 et
747 2496 1155 2537 Wolfenbuttelanus
1193 2499 1301 2537 inter
1337 2511 1382 2536 se
1421 2498 1673 2550 discrepant,
1712 2497 1770 2536 ibi

237 2562 500 2601 Monacensis
521 2563 883 2614 interpretationes
903 2566 1223 2616 significauimus
1251 2567 1410 2614 Por-ph„
1437 2566 1628 2605 lemmata
1655 2566 1768 2614 Pplz.‚

237 2629 612 2669 Wolfenbuttelani
643 2631 1003 2683 interpretationes
1034 2635 1158 2682 Perfi,
1191 2633 1382 2672 lemmata
1410 2634 1478 2682 Pf.

352 2707 394 2757 2)
428 2723 476 2748 ea
505 2709 677 2757 scholia,
711 2722 816 2761 quae
836 2711 958 2762 uolgo
980 2712 1154 2751 Acronis
1175 2713 1262 2751 siue
1283 2712 1611 2751 Pseudoacronis
1633 2711 1767 2751 ferun-

238 2781 325 2823 tur,
360 2776 570 2815 diuisimus
601 2778 642 2814 in
674 2777 776 2816 haec
806 2778 884 2816 tria
915 2793 1087 2829 genera:

356 2857 422 2893 Ae.
452 2858 544 2897 Aer.
578 2874 632 2887 =
662 2856 817 2895 scholia
848 2858 1090 2908 marginalia
1119 2861 1206 2898 siue
1237 2860 1596 2910 interpretationes
1618 2859 1768 2900 codicis
