1890 3106
223 143 308 185 360
692 158 850 187 JIORATI
880 161 935 186 DE
965 160 1075 186 ARTE
1106 161 1287 188 POE'I'IOA

337 272 401 324 qui
433 271 569 310 didicit
598 271 748 323 patriae
779 270 870 322 quid
902 270 1045 311 debeat
1076 277 1115 311 et
1144 271 1237 324 quid
1269 271 1424 316 amicis,

337 356 415 395 quo
446 345 497 384 sit
526 356 661 384 amore
691 356 858 397 parens,
891 357 968 397 quo
999 345 1120 385 frater
1152 344 1343 385 amandus
1374 350 1412 385 et
1446 344 1608 398 hospes,

336 417 440 470 quod
473 418 522 457 sit
552 419 787 471 conscripti,
820 418 922 471 quod
954 418 1098 459 iudicis
1129 419 1321 465 officium,
1354 430 1455 470 quac

335 497 470 545 partes
500 490 720 531 iubenum
752 492 859 532 missi
890 492 1020 532 ducis:
1052 491 1118 532 ille
1148 492 1328 545 profecto
1685 498 1752 531 315

337 565 506 606 reddere
537 577 731 618 personae
763 567 836 606 scit
866 567 1144 607 conuenientia
1175 567 1330 619 cuique.

337 641 540 692 respicere
571 639 773 692 exemplar
803 640 907 680 uitae
937 651 1172 692 morumque
1202 639 1349 680 iubebo

338 713 496 753 doctum
529 714 767 754 imitatorem
802 718 839 753 et
869 714 981 753 uiuas
1011 713 1103 753 hinc
1134 713 1283 754 ducere
1313 725 1448 753 uoces.

337 787 537 827 interdum
569 788 747 839 speciosa
777 786 877 827 locis
908 792 1141 838 morataque
1170 793 1281 827 recte

337 859 469 901 sabula
500 859 646 900 nullius
677 861 855 905 ueneris,
887 861 973 900 siue
1002 860 1181 913 pondere
1212 866 1251 900 et
1280 865 1383 906 arte,
1685 867 1753 898 320

338 933 490 974 ualdius
521 932 693 974 oblectat
722 934 910 988 populum
942 933 1162 985 meliusque
1193 939 1383 981 moratur,

338 1019 454 1060 quam
486 1019 628 1047 uersus
660 1008 798 1060 inopes
829 1019 963 1048 rerum
996 1019 1204 1059 nugaeque
1235 1019 1417 1048 canorae.

338 1081 452 1122 Grais
482 1081 705 1131 ingenium,
739 1081 853 1122 Grais
884 1081 992 1121 dedit
1022 1093 1092 1121 ore
1122 1081 1293 1121 rotundo

336 1155 446 1194 Musa
478 1154 604 1207 loqui,
636 1159 797 1207 praeter
827 1154 983 1195 laudem
1015 1154 1159 1195 nullius
1190 1156 1330 1195 auaris.
1366 1140 1369 1145 ‚

337 1228 506 1268 Romani
536 1230 650 1280 pueri
679 1228 808 1281 longis
838 1228 1061 1269 rationibus
1093 1242 1220 1270 assem
1687 1234 1753 1267 326

337 1302 493 1342 discunt
522 1303 561 1342 in
594 1304 717 1355 partis
748 1307 904 1343 centum
937 1302 1139 1343 diducere.
1202 1303 1328 1343 <dicat

222 1421 495 1470 TuSTIMONIA.

313 1505 372 1528 uu.
401 1496 593 1529 312—316
618 1495 768 1538 florileg.
792 1495 1025 1529 Nostradam.
1120 1498 1185 1529 313
1212 1495 1356 1529 ecbasis
1382 1496 1522 1539 captiui
1546 1506 1580 1528 u.
1606 1495 1673 1529 618

314 1542 379 1574 315
411 1541 623 1584 ‘profecto’
655 1542 786 1574 incert.
820 1551 970 1584 gramm.
995 1542 1014 1581 ἓ
1040 1542 1081 1574 51
1113 1552 1147 1584 p.
1179 1542 1246 1574 210
1276 1541 1444 1573 Eichenf.
1478 1544 1516 1573 et
1545 1540 1718 1574 Endlich.

314 1588 380 1620 323
405 1597 459 1629 sq.
487 1587 631 1619 ‘Graiis
655 1586 844 1629 ingenium
870 1604 913 1609 —
937 1586 1057 1628 loqui’
1084 1587 1171 1620 Otto
1195 1586 1447 1628 Frisingensis
1472 1586 1633 1621 chronic.
1651 1585 1717 1619 lib.
1734 1585 1752 1619 1

225 1642 255 1665 c.
281 1633 324 1665 27
441 1632 574 1664 ‘Grais
605 1631 707 1664 dedit
731 1648 772 1654 —
798 1631 919 1673 loqui’
952 1634 1101 1664 tractat.
1134 1631 1177 1664 de
1205 1631 1295 1664 duce
1326 1632 1485 1664 Ernesto
1513 1628 1599 1675 [VII
1623 1641 1657 1674 p.
1685 1633 1750 1665 193

223 1673 378 1720 Haupt]
406 1677 452 1710 cf.
477 1677 703 1719 Apollinaris
729 1676 900 1710 Sidonius
928 1687 1037 1711 carm.
1063 1678 1124 1719 23,
1151 1677 1234 1710 236:
1266 1680 1353 1709 ‘seu
1378 1676 1528 1720 linguae
1553 1675 1751 1721 Argolicae

223 1722 454 1755 rotunditate
466 1725 476 1741 ’

222 1859 350 1887 VARIA
379 1859 547 1887 LECTIO.

531 1913 559 1938 (ll

338 1950 418 1988 312
450 1950 628 1995 Quiddicit
647 1963 670 2000 y
701 1951 764 1989 Cui
794 1952 918 1989 didicit
938 1953 974 1989 B
1060 1951 1158 1997 Quos
1188 1953 1236 1989 ita
1266 1963 1367 1989 more
1387 1953 1425 1989 B
1538 1952 1621 1990 314
1651 1953 1752 1995 Quid

225 2033 233 2039 .
254 2033 261 2039 .
281 2032 288 2041 .
312 2007 398 2052 quid
421 2015 444 2042 σ
464 2019 484 2043 τ
563 2007 640 2052 Quo
665 2009 712 2046 (11
792 2008 983 2058 officiumq,
1009 2020 1081 2058 que
1102 2009 1138 2045 B
1159 2007 1348 2057 officiflque
1370 2009 1399 2046 0
1418 2008 1456 2057 (a
1471 2008 1499 2056 1)
1521 2008 1639 2047 offitio
1659 2021 1752 2059 quae

224 2076 248 2100 u
328 2063 408 2101 316
430 2075 585 2113 persona
607 2066 644 2101 B
728 2066 808 2103 317
830 2065 939 2102 iubbo
962 2065 981 2101 λ
999 2078 1062 2113 pr.
1086 2065 1171 2113 (sic)
1203 2065 1333 2102 uidebo
1355 2071 1390 2113 ψ
1405 2078 1471 2113 pr.
1494 2065 1521 2113 (l
1542 2075 1555 2103 1
1577 2073 1611 2102 et
1629 2064 1656 2116 β
1677 2065 1704 2114 1)
1722 2077 1750 2114 y

338 2120 419 2158 318
451 2122 551 2157 uiuas
582 2118 708 2166 ,Ω’ς”
736 2122 785 2170 (et
805 2135 899 2159 omn.
930 2124 1036 2160 codd.
1068 2122 1225 2171 Cruqu.)
1257 2127 1372 2159 tract.
1406 2122 1511 2160 Vind.
1544 2133 1653 2158 ueras
1673 2135 1699 2172 y
1719 2135 1750 2161 ω

222 2176 431 2214 Lambinus
461 2176 592 2211 ‘uiuas
624 2190 734 2213 uoces
764 2179 801 2212 id
832 2183 889 2213 est
920 2178 1050 2213 ueras'
1072 2179 1164 2216 Aer.
1254 2174 1405 2229 ducere]
1438 2179 1593 2214 reddere
1611 2191 1638 2227 y
1659 2175 1750 2231 [Pe-

223 2235 391 2281 tropolz't.
425 2230 607 2284 Sorbon.]
716 2235 797 2274 319
827 2236 986 2284 spetiosa
1015 2249 1039 2286 γ
1058 2237 1096 2272 F
1179 2236 1268 2273 locis
1291 2236 1327 2272 B
1348 2235 1377 2273 C
1394 2235 1415 2271 λ
1435 2246 1452 2272 2
1473 2233 1497 2272 ὃ
1516 2247 1534 2273 2
1554 2241 1623 2274 aut
1642 2248 1747 2274 corr.

226 2282 266 2333 ς’
282 2289 333 2337 (et
353 2291 456 2338 Lips.
482 2302 586 2328 corr.
607 2291 632 2327 4
654 2289 811 2339 Bland.)
832 2288 946 2340 Pplz!
966 2288 1125 2339 Porph.'
1145 2293 1213 2328 Ac.
1237 2293 1329 2329 Acr.
1350 2294 1464 2341 yloss.
1488 2291 1528 2328 Γ
1547 2293 1636 2330 iocis
1657 2293 1695 2330 F
1710 2288 1750 2330 λ’

222 2344 246 2382 ὃ
269 2357 281 2383 1
304 2352 372 2384 aut
388 2359 453 2394 pr.
474 2359 499 2383 u
527 2343 621 2395 (71:'0‘
640 2347 675 2396 τ)
707 2353 864 2386 tractat.
908 2349 1112 2386 Vindobon.
1147 2350 1264 2387 Iason
1294 2347 1341 2386 de
1371 2349 1515 2391 Nores3
1552 2354 1597 2392 οἱ.
1630 2349 1748 2395 Quin·
1792 2390 1795 2394 ,

224 2405 345 2440 lilian.
377 2406 493 2440 instit.
525 2404 583 2440 Vll
618 2405 662 2452 l,
693 2404 765 2441 41:
807 2405 999 2451 ‘plerique
1030 2434 1036 2441 .
1063 2431 1071 2438 .
1096 2430 1104 2439 .
1136 2405 1299 2440 contenti
1329 2409 1418 2441 sunt
1446 2404 1537 2440 locis
1567 2405 1748 2452 speciosis

222 2460 325 2494 modo
358 2459 416 2494 uel
455 2460 543 2494 nihil
579 2461 624 2494 ad
661 2462 914 2507 probationem
951 2460 1251 2497 conferentibus'
1291 2461 1452 2506 tcolligit
1487 2473 1597 2508 saepe
1632 2462 1748 2507 magis

223 2515 407 2560 placuisse
437 2517 614 2561 fabulam,
647 2529 741 2563 quae
773 2519 882 2552 nudis
914 2517 1158 2566 narr(ar)etur
1191 2518 1333 2562 uerbis,
1371 2518 1543 2563 quoniam
1572 2530 1633 2553 res
1663 2530 1747 2564 spe-

222 2577 396 2607 ctatorem
417 2572 652 2618 delectarent,
674 2586 779 2622 quam
800 2586 893 2621 quae
914 2575 1004 2609 locis
1025 2575 1274 2609 communibus
1295 2574 1560 2620 explicaretur’
1589 2571 1749 2623 Por-ph!

336 2629 417 2667 322
448 2641 575 2679 regum
606 2632 643 2667 B
730 2643 825 2680 nuge
855 2644 879 2681 γ
994 2631 1074 2669 323
1106 2631 1206 2668 Grais
1237 2632 1274 2668 F
1290 2628 1315 2667 δ
1336 2643 1439 2669 corr.
1463 2641 1475 2667 1
1497 2636 1566 2669 aut
1584 2642 1602 2668 2
1622 2643 1647 2668 u
1667 2631 1706 2678 (v
1726 2644 1748 2668 r

223 2698 248 2721 υ
270 2692 301 2721 et
321 2684 347 2735 β
368 2698 453 2733 πρ.
477 2698 560 2724 ras.
579 2687 701 2735 Lips.)
733 2687 844 2724 Graiis
876 2689 912 2724 B
933 2685 973 2724 λ’
995 2685 1018 2725 ὃ
1036 2700 1101 2735 pr.
1125 2693 1192 2725 aut
1215 2694 1232 2724 1·
1259 2687 1397 2737 Gragus
1427 2699 1451 2735 γ
1475 2686 1505 2723 G
1586 2689 1683 2736 grais
1713 2687 1751 2724 F

224 2738 246 2776 d
267 2754 292 2778 u
313 2742 352 2789 (ν
371 2755 393 2779 r
413 2755 438 2779 v
459 2750 492 2779 et
512 2741 538 2793 β
558 2744 677 2792 Lips.)
697 2741 808 2792 Pplz!
838 2746 947 2795 graiis
979 2745 1015 2781 B
1037 2745 1065 2782 C
1083 2741 1121 2779 λ’
1153 2755 1288 2794 gragus
1319 2757 1343 2793 γ
1442 2744 1602 2781 rutundo
1634 2744 1664 2782 0

223 2797 305 2835 324
335 2799 446 2835 Mulsa
476 2800 513 2836 B
619 2805 770 2847 propter
799 2800 941 2835 laudem
973 2801 1205 2838 Sanadonus
1326 2799 1407 2838 325
1437 2799 1608 2844 racionih;
1640 2800 1661 2837 λ
1722 2814 1725 2818 ·

223 2853 304 2891 326
336 2856 446 2904 partis
478 2857 514 2892 B
535 2853 610 2905 (π’)
631 2870 656 2906 y
679 2854 724 2910 [β
746 2868 758 2895 1
781 2861 821 2895 ut
842 2859 918 2896 uid.
939 2859 1144 2906 Reyinens.
1169 2853 1201 2907 1]
1234 2861 1355 2906 partes
1387 2851 1522 2901 cettlg
1539 2856 1587 2905 (et
1606 2857 1744 2905 Fran.)
