1890 3106
637 812 694 868 Q.
726 813 964 858 HORATI
1000 812 1224 856 FLACCI

443 963 1419 1031 EPISTVLARVM

712 1124 863 1158 LIBER
887 1123 1143 1159 SECVNDVS

924 1371 946 1410 1

279 1448 386 1514 Cum
418 1478 476 1513 tot
505 1474 701 1513 sustineas
732 1479 772 1513 et
800 1478 910 1512 tanta
942 1473 1097 1524 negotia
1130 1471 1260 1518 solus,

278 1560 344 1588 res
374 1546 492 1588 Italas
523 1548 644 1587 armis
676 1548 836 1592 tuteris,
871 1546 1050 1587 moribus
1081 1558 1222 1593 ornes,

163 1733 434 1762 TESTIMONIA.

254 1793 294 1827 II
319 1795 350 1825 1.
390 1791 549 1826 INSCR.
575 1794 614 1825 et
637 1801 698 1824 uu.
717 1792 734 1824 1
753 1800 832 1834 sqq.
851 1791 899 1824 ef.
918 1787 1067 1834 Porph.'
1084 1790 1133 1824 ad
1159 1791 1267 1834 epist.
1292 1791 1310 1824 1
1326 1791 1382 1832 20,
1401 1791 1436 1823 1:
1463 1793 1495 1823 ‘.
1516 1818 1524 1825 .
1544 1814 1553 1823 .
1580 1801 1625 1823 ex
1649 1790 1708 1822 his

163 1838 336 1872 uersibus
367 1841 406 1871 et
436 1838 474 1870 in
505 1837 686 1880 principio
719 1839 911 1879 sequentis
935 1836 1063 1870 ‘libri’
1096 1839 1254 1880 apparet
1277 1836 1476 1869 Horatium
1506 1836 1576 1870 hoc
1606 1836 1708 1869 uolu-

164 1884 383 1927 men·quasi
406 1883 647 1916 nouissimum
671 1883 787 1916 totius
812 1883 937 1925 operis
966 1882 1162 1916 habuisse:
1194 1892 1280 1915 nam
1311 1881 1535 1915 ‘secundum
1568 1882 1708 1925 epistu-

164 1930 305 1963 larum’
331 1928 488 1973 (epistoz
514 1928 632 1970 Porf.)
659 1931 810 1961 coactus
835 1927 994 1961 adiecit’
1072 1938 1134 1960 uu.
1155 1929 1266 1960 1—14
1291 1927 1492 1970 florileg.
1519 1927 1708 1961 Nostra-

166 1976 272 2011 dam.
366 1976 456 2007 1—4
481 1974 678 2008 Suetonius
702 1974 782 2006 uita
806 1974 961 2007 Horati:
987 1974 1270 2017 ‘expressitque
1296 1972 1362 2014 (sc.
1381 1972 1586 2015 Augustus)
1613 1973 1709 2006 eelo—

166 2031 252 2065 gam
277 2021 381 2054 cuius
405 2020 550 2057 initium
576 2022 646 2053 est:
677 2029 759 2052 cum
783 2036 827 2043 -·
853 2019 1016 2052 Caesar’
1111 2021 1129 2052 1
1156 2018 1205 2054 cf.
1224 2018 1464 2061 Symmachus
1490 2019 1599 2061 epist.
1615 2019 1648 2051 X
1665 2020 1709 2052 34

166 2066 213 2100 ad
240 2066 275 2102 d.
299 2065 449 2100 Valent.
474 2075 619 2108 semper
641 2065 754 2108 Aug.:
781 2068 960 2098 ‘nouerat
983 2065 1110 2098 horum
1136 2074 1325 2107 corporum
1350 2064 1555 2097 ministerio
1579 2067 1709 2098 tantae

165 2112 267 2146 urbis
292 2122 408 2145 onera
432 2111 630 2146 sustiueri’
724 2112 745 2142 2
769 2110 1035 2144 Pseudoacron
1058 2110 1235 2154 uolgatus
1260 2110 1308 2143 ad
1333 2120 1363 2143 c.
1388 2110 1465 2143 IIII
1492 2111 1546 2153 14,
1572 2111 1617 2143 43

166 2285 295 2315 VARIA
329 2284 481 2313 Lssc'rlo
488 2304 496 2312 .

281 2353 506 2392 DEFICIT
530 2353 584 2396 A‚·
612 2345 674 2390 ..Q'
693 2367 752 2386 Ξ
778 2354 856 2403 Ey
878 2349 973 2390 ΕΓ
994 2365 1034 2396 ε,·
1073 2350 1125 2398 ς”
1145 2369 1202 2384 =
1231 2358 1299 2391 aut
1328 2364 1426 2391 omn.
1455 2354 1563 2391 codd.
1594 2349 1642 2403 β’
1671 2350 1710 2404 (β

167 2410 308 2460 Fran.)
328 2406 376 2448 π’
401 2408 443 2462 (π
462 2409 584 2459 Lips.)
605 2418 629 2446 6
648 2423 672 2448 α
694 2412 721 2448 d
737 2423 761 2460 9
782 2424 805 2448 r
824 2423 854 2452 υ,
871 2409 912 2458 (l)
943 2415 1012 2448 aut
1039 2411 1177 2448 lzorum
1208 2412 1317 2448 codd.
1341 2421 1387 2447 ea
1416 2421 1516 2458 pars
1546 2421 1599 2447 ex
1628 2414 1709 2459 qui-

169 2470 239 2506 bus
268 2480 345 2507 non
376 2470 479 2506 aliae
498 2469 684 2506 lectiones
703 2472 891 2505 notantur
898 2484 910 2510 ‚·
943 2479 967 2511 ς
983 2481 1039 2499 --·
1060 2473 1129 2506 aut
1152 2480 1249 2506 omn.
1273 2469 1382 2505 codd.
1403 2475 1427 2503 σ
1447 2480 1471 2505 α
1492 2469 1519 2505 d
1535 2481 1559 2516 9
1580 2481 1602 2504 r
1622 2481 1648 2504 v
1669 2467 1710 2516 (l)

169 2531 237 2563 aut
263 2527 400 2572 horum
430 2526 539 2563 codd.
572 2535 619 2562 ea
645 2536 747 2574 pars
776 2535 830 2563 ex
859 2525 996 2574 quibus
1024 2536 1102 2563 non
1132 2527 1236 2563 aliae
1265 2526 1453 2563 lectiones
1481 2529 1669 2563 notantur

281 2588 331 2631 II
354 2589 390 2630 1.
425 2594 446 2630 1
480 2592 551 2630 Ccfi
572 2594 610 2630 E
694 2596 886 2627 sustentes
908 2592 1095 2642 Cuninyh.
1182 2592 1206 2630 2
1239 2594 1369 2630 tuteris
1391 2593 1430 2629 E
1457 2594 1588 2629 tuteris
1620 2598 1708 2631 cett.

172 2646 212 2695 ς’
232 2649 280 2699 (et
299 2662 330 2686 π
343 2661 361 2687 2
380 2650 500 2699 Lips.)
518 2652 684 2699 floriley.
707 2649 955 2687 Nostradam.
978 2650 1113 2685 tuteris
1132 2653 1146 2688 l
1166 2650 1309 2685 tuearis
1329 2645 1414 2700 y[⁷1:
1435 2645 1469 2699 1]
1549 2650 1710 2687 moribus

169 2701 295 2752 ,Ω’ς”
323 2708 490 2756 florileg).
521 2707 771 2745 Nostradam.
803 2706 994 2741 moenibus
1024 2709 1115 2743 coni.
1144 2708 1367 2748 Bentleius,·
1397 2711 1442 2749 cf.
1480 2705 1590 2744 Ouid.
1622 2713 1708 2745 met.

170 2763 228 2800 XV
249 2764 331 2802 833
354 2775 432 2813 sq..·
463 2762 664 2811 ‘legesque
683 2765 781 2798 feret
810 2763 1039 2799 iustissimus
1060 2768 1207 2799 auctor:
1239 2763 1478 2809 exemploque
1499 2774 1568 2797 suo
1590 2775 1710 2800 mores

171 2828 277 2865 reget
312 2824 384 2868 (sc.
425 2820 684 2866 Augustus)';
723 2821 930 2858 Suetonius
966 2821 1063 2871 Any.
1103 2833 1138 2859 c.
1171 2821 1243 2859 27:
1297 2820 1462 2866 ‘recepit
1499 2824 1538 2854 et
1573 2834 1710 2857 morum

171 2877 366 2923 legumque
396 2878 557 2922 regimen
590 2889 706 2924 aeque
736 2882 972 2923 perpetuum,
1011 2889 1085 2924 quo
1114 2878 1216 2923 iure,
1255 2888 1471 2923 quamquam
1508 2877 1589 2913 sine
1626 2892 1709 2913 cen—

241 2963 430 2987 nonrnvs
455 2965 486 2987 11
509 2962 537 2987 2.
1109 2959 1111 2961 ’
1465 2956 1507 2987 19
