<?xml version="1.0" encoding="UTF-8"?>
<!DOCTYPE html PUBLIC "-//W3C//DTD XHTML 1.0 Transitional//EN"
    "http://www.w3.org/TR/xhtml1/DTD/xhtml1-transitional.dtd">
<html xmlns="http://www.w3.org/1999/xhtml" xml:lang="en" lang="en">
 <head>
  <title>
</title>
<meta http-equiv="Content-Type" content="text/html;charset=utf-8" />
  <meta name='ocr-system' content='tesseract 3.04.00' />
  <meta name='ocr-capabilities' content='ocr_page ocr_carea ocr_par ocr_line ocrx_word'/>
</head>
<body>
  <div class='ocr_page' id='page_1' title='image "./operahor02horauoft_0225.png"; bbox 0 0 1930 3094; ppageno 0'>
   <div class='ocr_carea' id='block_1_1' title="bbox 720 175 1642 230">
    <p class='ocr_par' dir='ltr' id='par_1_1' title="bbox 720 175 1642 230">
     <span class='ocr_line' id='line_1_1' title="bbox 720 175 1642 230; baseline -0.005 -9"><span class='ocrx_word' id='word_1_1' title='bbox 720 195 804 222; x_wconf 77' lang='lat' dir='ltr'>Lm.</span> <span class='ocrx_word' id='word_1_2' title='bbox 838 194 854 220; x_wconf 91' lang='lat'>1</span> <span class='ocrx_word' id='word_1_3' title='bbox 884 195 919 230; x_wconf 88' lang='lat'>1,</span> <span class='ocrx_word' id='word_1_4' title='bbox 940 184 1026 219; x_wconf 56' lang='lat'>2426</span> <span class='ocrx_word' id='word_1_5' title='bbox 1565 175 1642 217; x_wconf 86' lang='lat'>191</span> 
     </span>
    </p>
   </div>
   <div class='ocr_carea' id='block_1_2' title="bbox 201 291 1648 1026">
    <p class='ocr_par' dir='ltr' id='par_1_2' title="bbox 222 291 1175 359">
     <span class='ocr_line' id='line_1_2' title="bbox 222 291 1175 359; baseline 0.002 -15"><span class='ocrx_word' id='word_1_6' title='bbox 222 306 383 345; x_wconf 85' lang='lat' dir='ltr'>uirtutis</span> <span class='ocrx_word' id='word_1_7' title='bbox 413 318 534 346; x_wconf 83' lang='lat' dir='ltr'>uerae</span> <span class='ocrx_word' id='word_1_8' title='bbox 565 311 698 346; x_wconf 90' lang='lat' dir='ltr'>custos</span> <span class='ocrx_word' id='word_1_9' title='bbox 729 291 964 359; x_wconf 80' lang='lat' dir='ltr'>rigidusque</span> <span class='ocrx_word' id='word_1_10' title='bbox 994 304 1175 350; x_wconf 75' lang='lat' dir='ltr'><strong>satelles,</strong></span> 
     </span>
    </p>

    <p class='ocr_par' dir='ltr' id='par_1_3' title="bbox 201 378 1223 433">
     <span class='ocr_line' id='line_1_3' title="bbox 201 378 1223 433; baseline -0.001 -14"><span class='ocrx_word' id='word_1_11' title='bbox 201 392 328 427; x_wconf 72' lang='lat' dir='ltr'>,nunc</span> <span class='ocrx_word' id='word_1_12' title='bbox 357 380 398 419; x_wconf 91' lang='lat' dir='ltr'>in</span> <span class='ocrx_word' id='word_1_13' title='bbox 430 381 621 433; x_wconf 81' lang='lat' dir='ltr'>Aristippi</span> <span class='ocrx_word' id='word_1_14' title='bbox 651 381 787 420; x_wconf 82' lang='lat' dir='ltr'>furtim</span> <span class='ocrx_word' id='word_1_15' title='bbox 819 384 1029 433; x_wconf 81' lang='lat' dir='ltr'>praecepta</span> <span class='ocrx_word' id='word_1_16' title='bbox 1062 378 1223 420; x_wconf 79' lang='lat' dir='ltr'>relabor</span> 
     </span>
    </p>

    <p class='ocr_par' dir='ltr' id='par_1_4' title="bbox 222 453 1306 505">
     <span class='ocr_line' id='line_1_4' title="bbox 222 453 1306 505; baseline -0.002 -12"><span class='ocrx_word' id='word_1_17' title='bbox 222 461 262 493; x_wconf 88' lang='lat' dir='ltr'>et</span> <span class='ocrx_word' id='word_1_18' title='bbox 291 454 388 494; x_wconf 86' lang='lat' dir='ltr'>mihi</span> <span class='ocrx_word' id='word_1_19' title='bbox 418 466 508 504; x_wconf 77' lang='lat' dir='ltr'>res,</span> <span class='ocrx_word' id='word_1_20' title='bbox 539 467 618 494; x_wconf 88' lang='lat' dir='ltr'>non</span> <span class='ocrx_word' id='word_1_21' title='bbox 651 467 715 495; x_wconf 89' lang='lat' dir='ltr'>me</span> <span class='ocrx_word' id='word_1_22' title='bbox 744 454 866 494; x_wconf 86' lang='lat' dir='ltr'>rebus</span> <span class='ocrx_word' id='word_1_23' title='bbox 895 453 1139 505; x_wconf 83' lang='lat' dir='ltr'>subiungere</span> <span class='ocrx_word' id='word_1_24' title='bbox 1170 464 1306 492; x_wconf 80' lang='lat' dir='ltr'>conor.</span> 
     </span>
    </p>

    <p class='ocr_par' dir='ltr' id='par_1_5' title="bbox 220 527 1648 655">
     <span class='ocr_line' id='line_1_5' title="bbox 220 527 1648 580; baseline -0.004 -13"><span class='ocrx_word' id='word_1_25' title='bbox 220 532 264 567; x_wconf 89' lang='lat' dir='ltr'>ut</span> <span class='ocrx_word' id='word_1_26' title='bbox 292 541 370 568; x_wconf 90' lang='lat' dir='ltr'>nox</span> <span class='ocrx_word' id='word_1_27' title='bbox 399 527 517 580; x_wconf 84' lang='lat' dir='ltr'>longa</span> <span class='ocrx_word' id='word_1_28' title='bbox 549 528 693 580; x_wconf 72' lang='lat' dir='ltr'>quIbus</span> <span class='ocrx_word' id='word_1_29' title='bbox 724 529 916 568; x_wconf 83' lang='lat' dir='ltr'>mentitur</span> <span class='ocrx_word' id='word_1_30' title='bbox 948 529 1105 574; x_wconf 55' lang='lat' dir='ltr'>amicas</span> <span class='ocrx_word' id='word_1_31' title='bbox 1127 527 1292 577; x_wconf 83' lang='lat' dir='ltr'>diesque</span> <span class='ocrx_word' id='word_1_32' title='bbox 1603 531 1648 563; x_wconf 83' lang='lat'>20</span> 
     </span>
     <span class='ocr_line' id='line_1_6' title="bbox 221 601 1330 655; baseline -0.003 -14"><span class='ocrx_word' id='word_1_33' title='bbox 221 601 339 654; x_wconf 84' lang='lat' dir='ltr'>longa</span> <span class='ocrx_word' id='word_1_34' title='bbox 369 602 529 642; x_wconf 81' lang='lat' dir='ltr'>uidetur</span> <span class='ocrx_word' id='word_1_35' title='bbox 559 615 659 655; x_wconf 91' lang='lat' dir='ltr'>opus</span> <span class='ocrx_word' id='word_1_36' title='bbox 690 602 948 649; x_wconf 82' lang='lat' dir='ltr'>debentibus,</span> <span class='ocrx_word' id='word_1_37' title='bbox 981 608 1026 642; x_wconf 89' lang='lat' dir='ltr'>ut</span> <span class='ocrx_word' id='word_1_38' title='bbox 1055 602 1171 654; x_wconf 86' lang='lat' dir='ltr'>piger</span> <span class='ocrx_word' id='word_1_39' title='bbox 1202 612 1330 639; x_wconf 75' lang='lat' dir='ltr'>annus</span> 
     </span>
    </p>

    <p class='ocr_par' dir='ltr' id='par_1_6' title="bbox 220 675 1278 729">
     <span class='ocr_line' id='line_1_7' title="bbox 220 675 1278 729; baseline 0 -15"><span class='ocrx_word' id='word_1_40' title='bbox 220 675 401 727; x_wconf 85' lang='lat' dir='ltr'>pupillis,</span> <span class='ocrx_word' id='word_1_41' title='bbox 436 690 536 729; x_wconf 88' lang='lat' dir='ltr'>quos</span> <span class='ocrx_word' id='word_1_42' title='bbox 567 676 665 716; x_wconf 78' lang='lat' dir='ltr'>dura</span> <span class='ocrx_word' id='word_1_43' title='bbox 695 677 843 729; x_wconf 82' lang='lat' dir='ltr'>premit</span> <span class='ocrx_word' id='word_1_44' title='bbox 874 676 1052 717; x_wconf 84' lang='lat' dir='ltr'>custodia</span> <span class='ocrx_word' id='word_1_45' title='bbox 1085 679 1278 720; x_wconf 82' lang='lat' dir='ltr'>matrum,</span> 
     </span>
    </p>

    <p class='ocr_par' dir='ltr' id='par_1_7' title="bbox 222 750 1459 878">
     <span class='ocr_line' id='line_1_8' title="bbox 222 750 1459 804; baseline -0.002 -15"><span class='ocrx_word' id='word_1_46' title='bbox 222 750 279 789; x_wconf 90' lang='lat' dir='ltr'>sic</span> <span class='ocrx_word' id='word_1_47' title='bbox 309 750 405 790; x_wconf 85' lang='lat' dir='ltr'>mihi</span> <span class='ocrx_word' id='word_1_48' title='bbox 434 750 547 790; x_wconf 83' lang='lat' dir='ltr'>tarda</span> <span class='ocrx_word' id='word_1_49' title='bbox 578 750 706 791; x_wconf 85' lang='lat' dir='ltr'>fluunt</span> <span class='ocrx_word' id='word_1_50' title='bbox 735 752 972 804; x_wconf 76' lang='lat' dir='ltr'>ingrataque</span> <span class='ocrx_word' id='word_1_51' title='bbox 1001 755 1183 803; x_wconf 82' lang='lat' dir='ltr'>tempora</span> <span class='ocrx_word' id='word_1_52' title='bbox 1215 760 1316 802; x_wconf 87' lang='lat' dir='ltr'>quae</span> <span class='ocrx_word' id='word_1_53' title='bbox 1348 761 1459 800; x_wconf 87' lang='lat' dir='ltr'>spem</span> 
     </span>
     <span class='ocr_line' id='line_1_9' title="bbox 222 822 1319 878; baseline -0.003 -13"><span class='ocrx_word' id='word_1_54' title='bbox 222 824 511 878; x_wconf 85' lang='lat' dir='ltr'>consiliumque</span> <span class='ocrx_word' id='word_1_55' title='bbox 542 830 750 866; x_wconf 79' lang='lat' dir='ltr'>morantur</span> <span class='ocrx_word' id='word_1_56' title='bbox 781 824 923 876; x_wconf 84' lang='lat' dir='ltr'>agendi</span> <span class='ocrx_word' id='word_1_57' title='bbox 954 825 1112 865; x_wconf 80' lang='lat' dir='ltr'>nauiter</span> <span class='ocrx_word' id='word_1_58' title='bbox 1143 822 1180 863; x_wconf 82' lang='lat' dir='ltr'>id</span> <span class='ocrx_word' id='word_1_59' title='bbox 1214 822 1319 875; x_wconf 83' lang='lat' dir='ltr'>quod</span> 
     </span>
    </p>

    <p class='ocr_par' dir='ltr' id='par_1_8' title="bbox 223 898 1647 1026">
     <span class='ocr_line' id='line_1_10' title="bbox 223 898 1647 952; baseline -0.004 -13"><span class='ocrx_word' id='word_1_60' title='bbox 223 911 349 951; x_wconf 82' lang='lat' dir='ltr'>aeque</span> <span class='ocrx_word' id='word_1_61' title='bbox 378 899 622 952; x_wconf 82' lang='lat' dir='ltr'>pauperibus</span> <span class='ocrx_word' id='word_1_62' title='bbox 653 899 835 952; x_wconf 81' lang='lat' dir='ltr'>prodest,</span> <span class='ocrx_word' id='word_1_63' title='bbox 868 898 1133 952; x_wconf 80' lang='lat' dir='ltr'>locupletibus</span> <span class='ocrx_word' id='word_1_64' title='bbox 1165 910 1311 950; x_wconf 84' lang='lat' dir='ltr'>aeque,</span> <span class='ocrx_word' id='word_1_65' title='bbox 1603 903 1647 934; x_wconf 77' lang='lat'>25</span> 
     </span>
     <span class='ocr_line' id='line_1_11' title="bbox 223 971 1243 1026; baseline -0.001 -14"><span class='ocrx_word' id='word_1_66' title='bbox 223 984 348 1024; x_wconf 81' lang='lat' dir='ltr'>aeque</span> <span class='ocrx_word' id='word_1_67' title='bbox 378 973 600 1014; x_wconf 89' lang='lat' dir='ltr'>neclectum</span> <span class='ocrx_word' id='word_1_68' title='bbox 632 975 768 1026; x_wconf 87' lang='lat' dir='ltr'>pueris</span> <span class='ocrx_word' id='word_1_69' title='bbox 798 974 1039 1025; x_wconf 87' lang='lat' dir='ltr'>senibusque</span> <span class='ocrx_word' id='word_1_70' title='bbox 1070 971 1243 1012; x_wconf 79' lang='lat' dir='ltr'>nocebit.</span> 
     </span>
    </p>
   </div>
   <div class='ocr_carea' id='block_1_3' title="bbox 108 1047 381 1052">
    <p class='ocr_par' dir='ltr' id='par_1_9' title="bbox 108 1047 381 1052">
     <span class='ocr_line' id='line_1_12' title="bbox 108 1047 381 1052; baseline 0 0"><span class='ocrx_word' id='word_1_71' title='bbox 108 1047 381 1052; x_wconf 95' lang='lat' dir='ltr'> </span> 
     </span>
    </p>
   </div>
   <div class='ocr_carea' id='block_1_4' title="bbox 107 1100 379 1128">
    <p class='ocr_par' dir='ltr' id='par_1_10' title="bbox 107 1100 379 1128">
     <span class='ocr_line' id='line_1_13' title="bbox 107 1100 379 1128; baseline 0 -1"><span class='ocrx_word' id='word_1_72' title='bbox 107 1100 379 1128; x_wconf 78' lang='lat' dir='ltr'>TESTIMONIA.</span> 
     </span>
    </p>
   </div>
   <div class='ocr_carea' id='block_1_5' title="bbox 107 1152 1650 1427">
    <p class='ocr_par' dir='ltr' id='par_1_11' title="bbox 108 1152 1650 1290">
     <span class='ocr_line' id='line_1_14' title="bbox 200 1152 1649 1198; baseline -0.001 -10"><span class='ocrx_word' id='word_1_73' title='bbox 200 1157 240 1188; x_wconf 79' lang='lat'>17</span> <span class='ocrx_word' id='word_1_74' title='bbox 265 1155 493 1197; x_wconf 76' lang='lat' dir='ltr'>Willelmus,</span> <span class='ocrx_word' id='word_1_75' title='bbox 519 1156 598 1188; x_wconf 83' lang='lat' dir='ltr'>uita</span> <span class='ocrx_word' id='word_1_76' title='bbox 623 1165 652 1188; x_wconf 80' lang='lat' dir='ltr'>s.</span> <span class='ocrx_word' id='word_1_77' title='bbox 678 1155 841 1188; x_wconf 88' lang='lat' dir='ltr'>Thomae</span> <span class='ocrx_word' id='word_1_78' title='bbox 866 1154 940 1198; x_wconf 89' lang='lat' dir='ltr'>[ap.</span> <span class='ocrx_word' id='word_1_79' title='bbox 961 1154 1075 1198; x_wconf 67' lang='lat' dir='ltr'>Qiles.</span> <span class='ocrx_word' id='word_1_80' title='bbox 1099 1152 1225 1198; x_wconf 75' lang='lat'>1307]</span> <span class='ocrx_word' id='word_1_81' title='bbox 1327 1153 1419 1186; x_wconf 83' lang='lat' dir='ltr'>imit.</span> <span class='ocrx_word' id='word_1_82' title='bbox 1445 1163 1649 1196; x_wconf 84' lang='lat' dir='ltr'>anonymus</span> 
     </span>
     <span class='ocr_line' id='line_1_15' title="bbox 108 1199 1650 1242; baseline -0.002 -8"><span class='ocrx_word' id='word_1_83' title='bbox 108 1205 241 1234; x_wconf 83' lang='lat' dir='ltr'>auctor</span> <span class='ocrx_word' id='word_1_84' title='bbox 265 1202 404 1234; x_wconf 83' lang='lat' dir='ltr'>satirae</span> <span class='ocrx_word' id='word_1_85' title='bbox 431 1201 476 1234; x_wconf 87' lang='lat' dir='ltr'>de</span> <span class='ocrx_word' id='word_1_86' title='bbox 510 1201 578 1234; x_wconf 87' lang='lat' dir='ltr'>lite</span> <span class='ocrx_word' id='word_1_87' title='bbox 603 1212 638 1234; x_wconf 92' lang='lat' dir='ltr'>u.</span> <span class='ocrx_word' id='word_1_88' title='bbox 664 1203 747 1234; x_wconf 84' lang='lat'>118:</span> <span class='ocrx_word' id='word_1_89' title='bbox 781 1202 836 1234; x_wconf 74' lang='lat' dir='ltr'>‘si</span> <span class='ocrx_word' id='word_1_90' title='bbox 866 1201 976 1234; x_wconf 85' lang='lat' dir='ltr'>iudex</span> <span class='ocrx_word' id='word_1_91' title='bbox 1007 1203 1135 1234; x_wconf 78' lang='lat' dir='ltr'>eustos</span> <span class='ocrx_word' id='word_1_92' title='bbox 1165 1199 1307 1242; x_wconf 77' lang='lat' dir='ltr'>rIgIdus</span> <span class='ocrx_word' id='word_1_93' title='bbox 1334 1199 1502 1242; x_wconf 86' lang='lat' dir='ltr'>legisque</span> <span class='ocrx_word' id='word_1_94' title='bbox 1534 1199 1650 1242; x_wconf 85' lang='lat' dir='ltr'>magi-</span> 
     </span>
     <span class='ocr_line' id='line_1_16' title="bbox 108 1245 1534 1290; baseline -0.003 -10"><span class='ocrx_word' id='word_1_95' title='bbox 108 1249 205 1280; x_wconf 82' lang='lat' dir='ltr'>ster’</span> <span class='ocrx_word' id='word_1_96' title='bbox 233 1247 332 1290; x_wconf 86' lang='lat' dir='ltr'>apud</span> <span class='ocrx_word' id='word_1_97' title='bbox 355 1247 484 1280; x_wconf 84' lang='lat' dir='ltr'>Barth.</span> <span class='ocrx_word' id='word_1_98' title='bbox 512 1246 699 1282; x_wconf 80' lang='lat' dir='ltr'>aduersar.</span> <span class='ocrx_word' id='word_1_99' title='bbox 728 1248 758 1284; x_wconf 81' lang='lat'>7,</span> <span class='ocrx_word' id='word_1_100' title='bbox 785 1248 827 1280; x_wconf 92' lang='grc'>18</span> <span class='ocrx_word' id='word_1_101' title='bbox 945 1248 1092 1279; x_wconf 80' lang='lat'>19—21</span> <span class='ocrx_word' id='word_1_102' title='bbox 1118 1245 1271 1288; x_wconf 83' lang='lat' dir='ltr'>florileg.</span> <span class='ocrx_word' id='word_1_103' title='bbox 1298 1245 1534 1279; x_wconf 84' lang='lat' dir='ltr'>Nostradam.</span> 
     </span>
    </p>

    <p class='ocr_par' dir='ltr' id='par_1_12' title="bbox 107 1286 1649 1427">
     <span class='ocr_line' id='line_1_17' title="bbox 110 1286 1649 1336; baseline -0.001 -12"><span class='ocrx_word' id='word_1_104' title='bbox 110 1294 151 1325; x_wconf 88' lang='lat'>19</span> <span class='ocrx_word' id='word_1_105' title='bbox 168 1286 314 1336; x_wconf 69' lang='lat' dir='ltr'><strong>Porph!</strong></span> <span class='ocrx_word' id='word_1_106' title='bbox 333 1293 381 1325; x_wconf 84' lang='lat' dir='ltr'>ad</span> <span class='ocrx_word' id='word_1_107' title='bbox 397 1293 507 1335; x_wconf 83' lang='lat' dir='ltr'>epist.</span> <span class='ocrx_word' id='word_1_108' title='bbox 522 1292 542 1324; x_wconf 90' lang='grc' dir='ltr'>Ι</span> <span class='ocrx_word' id='word_1_109' title='bbox 560 1294 615 1335; x_wconf 90' lang='lat'>10,</span> <span class='ocrx_word' id='word_1_110' title='bbox 633 1294 678 1326; x_wconf 89' lang='lat'>40</span> <span class='ocrx_word' id='word_1_111' title='bbox 695 1292 936 1326; x_wconf 79' lang='lat' dir='ltr'>Hildebertus</span> <span class='ocrx_word' id='word_1_112' title='bbox 954 1292 1081 1327; x_wconf 76' lang='lat' dir='ltr'>moral.</span> <span class='ocrx_word' id='word_1_113' title='bbox 1100 1291 1232 1334; x_wconf 86' lang='lat' dir='ltr'>philos.</span> <span class='ocrx_word' id='word_1_114' title='bbox 1249 1292 1314 1324; x_wconf 86' lang='lat'>991</span> <span class='ocrx_word' id='word_1_115' title='bbox 1392 1293 1436 1324; x_wconf 85' lang='lat'>23</span> <span class='ocrx_word' id='word_1_116' title='bbox 1462 1301 1516 1334; x_wconf 81' lang='lat' dir='ltr'>sq.</span> <span class='ocrx_word' id='word_1_117' title='bbox 1540 1291 1649 1323; x_wconf 74' lang='lat' dir='ltr'>florii.</span> 
     </span>
     <span class='ocr_line' id='line_1_18' title="bbox 107 1337 1648 1377; baseline -0.002 -6"><span class='ocrx_word' id='word_1_118' title='bbox 107 1339 231 1373; x_wconf 86' lang='lat' dir='ltr'>Nostr.</span> <span class='ocrx_word' id='word_1_119' title='bbox 301 1339 438 1371; x_wconf 79' lang='lat'>24—-26</span> <span class='ocrx_word' id='word_1_120' title='bbox 463 1338 524 1370; x_wconf 72' lang='lat' dir='ltr'>‘id</span> <span class='ocrx_word' id='word_1_121' title='bbox 542 1356 584 1361; x_wconf 88' lang='lat'>—</span> <span class='ocrx_word' id='word_1_122' title='bbox 602 1339 775 1371; x_wconf 79' lang='lat' dir='ltr'>nocebit&#39;</span> <span class='ocrx_word' id='word_1_123' title='bbox 801 1339 854 1371; x_wconf 92' lang='lat' dir='ltr'>Io.</span> <span class='ocrx_word' id='word_1_124' title='bbox 873 1340 1014 1372; x_wconf 85' lang='lat' dir='ltr'>Victor.</span> <span class='ocrx_word' id='word_1_125' title='bbox 1041 1337 1093 1371; x_wconf 89' lang='lat' dir='ltr'>VI</span> <span class='ocrx_word' id='word_1_126' title='bbox 1110 1338 1148 1376; x_wconf 86' lang='grc'>6,</span> <span class='ocrx_word' id='word_1_127' title='bbox 1173 1339 1240 1369; x_wconf 84' lang='grc'>429</span> <span class='ocrx_word' id='word_1_128' title='bbox 1312 1337 1355 1369; x_wconf 89' lang='grc'>26</span> <span class='ocrx_word' id='word_1_129' title='bbox 1380 1337 1487 1372; x_wconf 86' lang='lat' dir='ltr'>floril.</span> <span class='ocrx_word' id='word_1_130' title='bbox 1505 1337 1648 1377; x_wconf 85' lang='lat' dir='ltr'>Nostr.;</span> 
     </span>
     <span class='ocr_line' id='line_1_19' title="bbox 110 1382 1649 1427; baseline -0.001 -11"><span class='ocrx_word' id='word_1_131' title='bbox 110 1384 158 1418; x_wconf 83' lang='lat' dir='ltr'>cf.</span> <span class='ocrx_word' id='word_1_132' title='bbox 183 1384 328 1417; x_wconf 81' lang='lat' dir='ltr'>ecbasis</span> <span class='ocrx_word' id='word_1_133' title='bbox 354 1384 492 1427; x_wconf 83' lang='lat' dir='ltr'>eaptiu.</span> <span class='ocrx_word' id='word_1_134' title='bbox 510 1394 546 1417; x_wconf 86' lang='lat' dir='ltr'>u.</span> <span class='ocrx_word' id='word_1_135' title='bbox 565 1385 667 1417; x_wconf 83' lang='lat'>1175:</span> <span class='ocrx_word' id='word_1_136' title='bbox 696 1387 837 1427; x_wconf 78' lang='lat' dir='ltr'>‘aeque</span> <span class='ocrx_word' id='word_1_137' title='bbox 863 1384 1076 1427; x_wconf 84' lang='lat' dir='ltr'>neglectum</span> <span class='ocrx_word' id='word_1_138' title='bbox 1092 1383 1219 1426; x_wconf 85' lang='lat' dir='ltr'>pueris</span> <span class='ocrx_word' id='word_1_139' title='bbox 1243 1382 1442 1415; x_wconf 85' lang='lat' dir='ltr'>senibusue</span> <span class='ocrx_word' id='word_1_140' title='bbox 1459 1382 1649 1415; x_wconf 77' lang='lat' dir='ltr'>nociuum’</span> 
     </span>
    </p>
   </div>
   <div class='ocr_carea' id='block_1_6' title="bbox 151 1453 380 1457">
    <p class='ocr_par' dir='ltr' id='par_1_13' title="bbox 151 1453 380 1457">
     <span class='ocr_line' id='line_1_20' title="bbox 151 1453 380 1457; baseline 0 0"><span class='ocrx_word' id='word_1_141' title='bbox 151 1453 380 1457; x_wconf 95' lang='lat' dir='ltr'> </span> 
     </span>
    </p>
   </div>
   <div class='ocr_carea' id='block_1_7' title="bbox 107 1512 432 1540">
    <p class='ocr_par' dir='ltr' id='par_1_14' title="bbox 107 1512 432 1540">
     <span class='ocr_line' id='line_1_21' title="bbox 107 1512 432 1540; baseline -0.006 0"><span class='ocrx_word' id='word_1_142' title='bbox 107 1512 236 1540; x_wconf 78' lang='lat' dir='ltr'>VARIA</span> <span class='ocrx_word' id='word_1_143' title='bbox 264 1512 432 1540; x_wconf 81' lang='lat' dir='ltr'><strong>LECTIO.</strong></span> 
     </span>
    </p>
   </div>
   <div class='ocr_carea' id='block_1_8' title="bbox 106 1571 1651 2482">
    <p class='ocr_par' dir='ltr' id='par_1_15' title="bbox 107 1571 1649 1739">
     <span class='ocr_line' id='line_1_22' title="bbox 110 1571 1649 1627; baseline -0.002 -17"><span class='ocrx_word' id='word_1_144' title='bbox 110 1586 241 1610; x_wconf 81' lang='lat' dir='ltr'>uersor</span> <span class='ocrx_word' id='word_1_145' title='bbox 267 1586 295 1622; x_wconf 72' lang='lat' dir='ltr'><em>y</em></span> <span class='ocrx_word' id='word_1_146' title='bbox 326 1587 357 1611; x_wconf 88' lang='grc' dir='ltr'><strong>ω</strong></span> <span class='ocrx_word' id='word_1_147' title='bbox 387 1580 432 1618; x_wconf 73' lang='lat' dir='ltr'>cr.</span> <span class='ocrx_word' id='word_1_148' title='bbox 468 1575 605 1613; x_wconf 83' lang='lat' dir='ltr'>Catull.</span> <span class='ocrx_word' id='word_1_149' title='bbox 640 1575 714 1623; x_wconf 75' lang='grc'>68,</span> <span class='ocrx_word' id='word_1_150' title='bbox 749 1571 820 1613; x_wconf 86' lang='lat'>13:</span> <span class='ocrx_word' id='word_1_151' title='bbox 862 1574 1008 1627; x_wconf 66' lang='lat' dir='ltr'>‘accipe</span> <span class='ocrx_word' id='word_1_152' title='bbox 1040 1574 1125 1622; x_wconf 87' lang='lat' dir='ltr'>quis</span> <span class='ocrx_word' id='word_1_153' title='bbox 1156 1585 1296 1608; x_wconf 85' lang='lat' dir='ltr'>merser</span> <span class='ocrx_word' id='word_1_154' title='bbox 1322 1574 1496 1608; x_wconf 81' lang='lat' dir='ltr'>fortunae</span> <span class='ocrx_word' id='word_1_155' title='bbox 1527 1572 1649 1607; x_wconf 83' lang='lat' dir='ltr'>flucti-</span> 
     </span>
     <span class='ocr_line' id='line_1_23' title="bbox 107 1630 1649 1680; baseline -0.001 -14"><span class='ocrx_word' id='word_1_156' title='bbox 107 1633 178 1666; x_wconf 86' lang='lat' dir='ltr'>bus</span> <span class='ocrx_word' id='word_1_157' title='bbox 207 1632 333 1678; x_wconf 80' lang='lat' dir='ltr'>ipse&#39;3</span> <span class='ocrx_word' id='word_1_158' title='bbox 366 1630 544 1667; x_wconf 71' lang='lat' dir='ltr'>‘uersor’</span> <span class='ocrx_word' id='word_1_159' title='bbox 574 1634 720 1680; x_wconf 82' lang='lat' dir='ltr'>inrepsit</span> <span class='ocrx_word' id='word_1_160' title='bbox 750 1644 802 1670; x_wconf 70' lang='lat' dir='ltr'>em</span> <span class='ocrx_word' id='word_1_161' title='bbox 832 1633 954 1670; x_wconf 76' lang='lat' dir='ltr'>schol.</span> <span class='ocrx_word' id='word_1_162' title='bbox 987 1631 1044 1669; x_wconf 77' lang='lat' dir='ltr'>F.-</span> <span class='ocrx_word' id='word_1_163' title='bbox 1082 1630 1304 1678; x_wconf 65' lang='lat' dir='ltr'>‘parumper</span> <span class='ocrx_word' id='word_1_164' title='bbox 1341 1631 1377 1665; x_wconf 89' lang='lat' dir='ltr'>in</span> <span class='ocrx_word' id='word_1_165' title='bbox 1416 1630 1474 1665; x_wconf 84' lang='lat' dir='ltr'>his</span> <span class='ocrx_word' id='word_1_166' title='bbox 1504 1631 1649 1665; x_wconf 82' lang='lat' dir='ltr'>uersari</span> 
     </span>
     <span class='ocr_line' id='line_1_24' title="bbox 108 1687 1566 1739; baseline 0 -13"><span class='ocrx_word' id='word_1_167' title='bbox 108 1687 217 1723; x_wconf 85' lang='lat' dir='ltr'>uolo&#39;</span> <span class='ocrx_word' id='word_1_168' title='bbox 314 1702 352 1726; x_wconf 86' lang='lat' dir='ltr'>u.</span> <span class='ocrx_word' id='word_1_169' title='bbox 378 1690 429 1727; x_wconf 85' lang='lat'>17</span> <span class='ocrx_word' id='word_1_170' title='bbox 464 1697 547 1725; x_wconf 74' lang='lat' dir='ltr'>anre</span> <span class='ocrx_word' id='word_1_171' title='bbox 577 1703 615 1727; x_wconf 87' lang='lat' dir='ltr'>u.</span> <span class='ocrx_word' id='word_1_172' title='bbox 639 1691 687 1727; x_wconf 92' lang='lat'>11</span> <span class='ocrx_word' id='word_1_173' title='bbox 719 1691 820 1737; x_wconf 77' lang='lat' dir='ltr'>pom‘t</span> <span class='ocrx_word' id='word_1_174' title='bbox 847 1690 1042 1739; x_wconf 71' lang='lat' dir='ltr'>Hitziyz&#39;us</span> <span class='ocrx_word' id='word_1_175' title='bbox 1068 1691 1199 1725; x_wconf 75' lang='lat' dir='ltr'>inserto</span> <span class='ocrx_word' id='word_1_176' title='bbox 1230 1687 1314 1723; x_wconf 81' lang='lat' dir='ltr'>‘et&#39;</span> <span class='ocrx_word' id='word_1_177' title='bbox 1340 1695 1421 1736; x_wconf 81' lang='lat' dir='ltr'>post</span> <span class='ocrx_word' id='word_1_178' title='bbox 1447 1700 1485 1726; x_wconf 81' lang='lat' dir='ltr'>u.</span> <span class='ocrx_word' id='word_1_179' title='bbox 1511 1688 1566 1726; x_wconf 88' lang='lat'>10</span> 
     </span>
    </p>

    <p class='ocr_par' dir='ltr' id='par_1_16' title="bbox 108 1742 1651 1854">
     <span class='ocr_line' id='line_1_25' title="bbox 109 1742 1651 1796; baseline -0.002 -12"><span class='ocrx_word' id='word_1_180' title='bbox 109 1747 233 1784; x_wconf 77' lang='lat' dir='ltr'>schol.</span> <span class='ocrx_word' id='word_1_181' title='bbox 266 1759 304 1784; x_wconf 86' lang='lat' dir='ltr'>u.</span> <span class='ocrx_word' id='word_1_182' title='bbox 330 1746 381 1784; x_wconf 89' lang='grc'>18</span> <span class='ocrx_word' id='word_1_183' title='bbox 415 1754 499 1782; x_wconf 80' lang='lat' dir='ltr'>ame</span> <span class='ocrx_word' id='word_1_184' title='bbox 527 1748 648 1785; x_wconf 75' lang='lat' dir='ltr'>schol.</span> <span class='ocrx_word' id='word_1_185' title='bbox 681 1760 719 1784; x_wconf 85' lang='lat' dir='ltr'>u.</span> <span class='ocrx_word' id='word_1_186' title='bbox 746 1748 795 1784; x_wconf 86' lang='lat'>17</span> <span class='ocrx_word' id='word_1_187' title='bbox 828 1749 962 1783; x_wconf 74' lang='lat' dir='ltr'>exhibet</span> <span class='ocrx_word' id='word_1_188' title='bbox 991 1743 1153 1796; x_wconf 78' lang='lat' dir='ltr'>Porph.&#39;</span> <span class='ocrx_word' id='word_1_189' title='bbox 1256 1746 1307 1783; x_wconf 82' lang='lat'>17</span> <span class='ocrx_word' id='word_1_190' title='bbox 1338 1757 1447 1783; x_wconf 82' lang='lat' dir='ltr'>uerae</span> <span class='ocrx_word' id='word_1_191' title='bbox 1477 1742 1613 1782; x_wconf 61' lang='lat' dir='ltr'>EF&amp;</span> <span class='ocrx_word' id='word_1_192' title='bbox 1633 1756 1651 1782; x_wconf 84' lang='grc' dir='ltr'><em>ε</em></span> 
     </span>
     <span class='ocr_line' id='line_1_26' title="bbox 108 1795 1585 1854; baseline -0.001 -14"><span class='ocrx_word' id='word_1_193' title='bbox 108 1803 192 1851; x_wconf 87' lang='grc' dir='ltr'>(ν,σ</span> <span class='ocrx_word' id='word_1_194' title='bbox 214 1816 238 1840; x_wconf 83' lang='lat' dir='ltr'><em>a</em></span> <span class='ocrx_word' id='word_1_195' title='bbox 257 1803 286 1851; x_wconf 83' lang='lat' dir='ltr'>l)</span> <span class='ocrx_word' id='word_1_196' title='bbox 317 1814 405 1840; x_wconf 88' lang='lat' dir='ltr'>uere</span> <span class='ocrx_word' id='word_1_197' title='bbox 435 1816 459 1853; x_wconf 79' lang='grc' dir='ltr'><em>γ</em></span> <span class='ocrx_word' id='word_1_198' title='bbox 482 1804 503 1840; x_wconf 85' lang='grc' dir='ltr'><strong><em>λ</em></strong></span> <span class='ocrx_word' id='word_1_199' title='bbox 523 1801 627 1854; x_wconf 73' lang='grc' dir='ltr'>(βίἵ</span> <span class='ocrx_word' id='word_1_200' title='bbox 644 1817 667 1854; x_wconf 81' lang='lat'><em>9</em></span> <span class='ocrx_word' id='word_1_201' title='bbox 690 1817 712 1841; x_wconf 87' lang='lat' dir='ltr'><em>r</em></span> <span class='ocrx_word' id='word_1_202' title='bbox 731 1803 772 1852; x_wconf 85' lang='grc' dir='ltr'>υ)</span> <span class='ocrx_word' id='word_1_203' title='bbox 803 1805 881 1841; x_wconf 88' lang='lat' dir='ltr'>ueri</span> <span class='ocrx_word' id='word_1_204' title='bbox 911 1805 944 1841; x_wconf 99' lang='lat' dir='ltr'><em>A</em></span> <span class='ocrx_word' id='word_1_205' title='bbox 1031 1804 1168 1842; x_wconf 78' lang='lat' dir='ltr'>satellis</span> <span class='ocrx_word' id='word_1_206' title='bbox 1200 1805 1239 1841; x_wconf 81' lang='lat' dir='ltr'><em>F</em></span> <span class='ocrx_word' id='word_1_207' title='bbox 1256 1795 1296 1839; x_wconf 77' lang='grc' dir='ltr'>λ’</span> <span class='ocrx_word' id='word_1_208' title='bbox 1316 1799 1360 1839; x_wconf 79' lang='grc' dir='ltr'>δ’</span> <span class='ocrx_word' id='word_1_209' title='bbox 1381 1795 1444 1851; x_wconf 86' lang='grc' dir='ltr'>(π’</span> <span class='ocrx_word' id='word_1_210' title='bbox 1465 1801 1585 1850; x_wconf 79' lang='lat' dir='ltr'><em>rpr.)</em></span> 
     </span>
    </p>

    <p class='ocr_par' dir='ltr' id='par_1_17' title="bbox 107 1860 1650 2140">
     <span class='ocr_line' id='line_1_27' title="bbox 107 1860 1649 1910; baseline -0.001 -13"><span class='ocrx_word' id='word_1_211' title='bbox 107 1873 146 1897; x_wconf 84' lang='lat' dir='ltr'>u.</span> <span class='ocrx_word' id='word_1_212' title='bbox 181 1861 232 1898; x_wconf 87' lang='lat'>19</span> <span class='ocrx_word' id='word_1_213' title='bbox 264 1867 348 1896; x_wconf 81' lang='lat' dir='ltr'>ante</span> <span class='ocrx_word' id='word_1_214' title='bbox 377 1873 416 1899; x_wconf 84' lang='lat' dir='ltr'>u.</span> <span class='ocrx_word' id='word_1_215' title='bbox 451 1861 501 1899; x_wconf 88' lang='grc'>18</span> <span class='ocrx_word' id='word_1_216' title='bbox 530 1874 616 1908; x_wconf 81' lang='lat' dir='ltr'>pon.</span> <span class='ocrx_word' id='word_1_217' title='bbox 651 1861 884 1899; x_wconf 78' lang='lat' dir='ltr'>Sanadonus</span> <span class='ocrx_word' id='word_1_218' title='bbox 973 1861 1024 1898; x_wconf 89' lang='lat'>18</span> <span class='ocrx_word' id='word_1_219' title='bbox 1055 1865 1228 1910; x_wconf 86' lang='lat' dir='ltr'>precepta</span> <span class='ocrx_word' id='word_1_220' title='bbox 1257 1861 1290 1897; x_wconf 88' lang='lat' dir='ltr'><em>A</em></span> <span class='ocrx_word' id='word_1_221' title='bbox 1395 1860 1445 1897; x_wconf 88' lang='grc'>19</span> <span class='ocrx_word' id='word_1_222' title='bbox 1477 1867 1542 1895; x_wconf 83' lang='lat' dir='ltr'>aut</span> <span class='ocrx_word' id='word_1_223' title='bbox 1570 1873 1649 1896; x_wconf 81' lang='lat' dir='ltr'>cum</span> 
     </span>
     <span class='ocr_line' id='line_1_28' title="bbox 107 1914 1649 1966; baseline -0.002 -11"><span class='ocrx_word' id='word_1_224' title='bbox 107 1918 287 1956; x_wconf 85' lang='lat' dir='ltr'>Dobraeo</span> <span class='ocrx_word' id='word_1_225' title='bbox 317 1914 390 1955; x_wconf 85' lang='lat' dir='ltr'>non</span> <span class='ocrx_word' id='word_1_226' title='bbox 421 1920 458 1953; x_wconf 85' lang='lat' dir='ltr'>in</span> <span class='ocrx_word' id='word_1_227' title='bbox 489 1930 588 1953; x_wconf 89' lang='lat' dir='ltr'>nunc</span> <span class='ocrx_word' id='word_1_228' title='bbox 617 1920 871 1966; x_wconf 76' lang='lat' dir='ltr'>corrigendum</span> <span class='ocrx_word' id='word_1_229' title='bbox 903 1925 967 1954; x_wconf 80' lang='lat' dir='ltr'>aut</span> <span class='ocrx_word' id='word_1_230' title='bbox 993 1931 1031 1956; x_wconf 85' lang='lat' dir='ltr'>u.</span> <span class='ocrx_word' id='word_1_231' title='bbox 1058 1917 1109 1956; x_wconf 84' lang='lat'>19</span> <span class='ocrx_word' id='word_1_232' title='bbox 1133 1924 1217 1954; x_wconf 80' lang='lat' dir='ltr'>ante</span> <span class='ocrx_word' id='word_1_233' title='bbox 1236 1930 1302 1956; x_wconf 85' lang='lat' dir='ltr'>uu.</span> <span class='ocrx_word' id='word_1_234' title='bbox 1327 1917 1393 1955; x_wconf 87' lang='grc'>18.</span> <span class='ocrx_word' id='word_1_235' title='bbox 1419 1917 1470 1954; x_wconf 84' lang='grc'>17</span> <span class='ocrx_word' id='word_1_236' title='bbox 1490 1918 1649 1953; x_wconf 79' lang='lat' dir='ltr'>inseren-</span> 
     </span>
     <span class='ocr_line' id='line_1_29' title="bbox 108 1975 1648 2024; baseline 0.001 -15"><span class='ocrx_word' id='word_1_237' title='bbox 108 1977 193 2010; x_wconf 80' lang='lat' dir='ltr'>dum</span> <span class='ocrx_word' id='word_1_238' title='bbox 213 1987 284 2010; x_wconf 76' lang='lat' dir='ltr'>esse</span> <span class='ocrx_word' id='word_1_239' title='bbox 302 1976 427 2021; x_wconf 73' lang='lat' dir='ltr'>statuit</span> <span class='ocrx_word' id='word_1_240' title='bbox 446 1976 665 2014; x_wconf 67' lang='lat' dir='ltr'>Meinelfius</span> <span class='ocrx_word' id='word_1_241' title='bbox 682 1976 818 2024; x_wconf 81' lang='lat' dir='ltr'>praef.</span> <span class='ocrx_word' id='word_1_242' title='bbox 837 1975 975 2012; x_wconf 87' lang='lat' dir='ltr'>XXXIII</span> <span class='ocrx_word' id='word_1_243' title='bbox 996 1988 1077 2023; x_wconf 82' lang='lat' dir='ltr'>opp.</span> <span class='ocrx_word' id='word_1_244' title='bbox 1096 1975 1236 2013; x_wconf 85' lang='lat' dir='ltr'>Ritter.</span> <span class='ocrx_word' id='word_1_245' title='bbox 1255 1987 1346 2012; x_wconf 76' lang='lat' dir='ltr'>ann.</span> <span class='ocrx_word' id='word_1_246' title='bbox 1363 1975 1462 2022; x_wconf 79' lang='lat' dir='ltr'><strong><em>phil.</em></strong></span> <span class='ocrx_word' id='word_1_247' title='bbox 1478 1979 1515 2011; x_wconf 85' lang='lat' dir='ltr'>et</span> <span class='ocrx_word' id='word_1_248' title='bbox 1533 1976 1648 2022; x_wconf 82' lang='lat' dir='ltr'>paed.</span> 
     </span>
     <span class='ocr_line' id='line_1_30' title="bbox 108 2027 1650 2083; baseline 0.001 -15"><span class='ocrx_word' id='word_1_249' title='bbox 108 2031 243 2068; x_wconf 90' lang='lat' dir='ltr'>LXXVI</span> <span class='ocrx_word' id='word_1_250' title='bbox 272 2032 353 2071; x_wconf 86' lang='lat'>246</span> <span class='ocrx_word' id='word_1_251' title='bbox 375 2044 431 2082; x_wconf 80' lang='lat' dir='ltr'>sq.</span> <span class='ocrx_word' id='word_1_252' title='bbox 523 2029 579 2083; x_wconf 89' lang='lat' dir='ltr'>et]</span> <span class='ocrx_word' id='word_1_253' title='bbox 612 2045 654 2067; x_wconf 87' lang='lat' dir='ltr'>ac</span> <span class='ocrx_word' id='word_1_254' title='bbox 681 2027 843 2081; x_wconf 78' lang='lat' dir='ltr'>Porph.&#39;</span> <span class='ocrx_word' id='word_1_255' title='bbox 864 2034 918 2070; x_wconf 85' lang='lat' dir='ltr'>ad</span> <span class='ocrx_word' id='word_1_256' title='bbox 936 2035 1046 2081; x_wconf 79' lang='lat' dir='ltr'>epist.</span> <span class='ocrx_word' id='word_1_257' title='bbox 1067 2033 1081 2069; x_wconf 96' lang='lat' dir='ltr'>I</span> <span class='ocrx_word' id='word_1_258' title='bbox 1105 2033 1159 2071; x_wconf 90' lang='lat'>10</span> <span class='ocrx_word' id='word_1_259' title='bbox 1245 2028 1339 2082; x_wconf 91' lang='lat' dir='ltr'>non]</span> <span class='ocrx_word' id='word_1_260' title='bbox 1373 2036 1410 2066; x_wconf 84' lang='lat' dir='ltr'>et</span> <span class='ocrx_word' id='word_1_261' title='bbox 1440 2031 1650 2080; x_wconf 79' lang='lat' dir='ltr'>Gruppeus</span> 
     </span>
     <span class='ocr_line' id='line_1_31' title="bbox 109 2083 1570 2140; baseline 0.001 -16"><span class='ocrx_word' id='word_1_262' title='bbox 109 2102 192 2136; x_wconf 80' lang='lat' dir='ltr'>opp.</span> <span class='ocrx_word' id='word_1_263' title='bbox 224 2083 385 2138; x_wconf 78' lang='lat' dir='ltr'>Porph.&#39;</span> <span class='ocrx_word' id='word_1_264' title='bbox 415 2092 468 2127; x_wconf 82' lang='lat' dir='ltr'>ad</span> <span class='ocrx_word' id='word_1_265' title='bbox 496 2093 605 2138; x_wconf 80' lang='lat' dir='ltr'>epist.</span> <span class='ocrx_word' id='word_1_266' title='bbox 638 2090 652 2126; x_wconf 93' lang='lat'>1</span> <span class='ocrx_word' id='word_1_267' title='bbox 685 2091 756 2138; x_wconf 88' lang='lat'>10,</span> <span class='ocrx_word' id='word_1_268' title='bbox 789 2090 846 2137; x_wconf 75' lang='lat'>40</span> <span class='ocrx_word' id='word_1_269' title='bbox 873 2092 1038 2140; x_wconf 65' lang='lat' dir='ltr'>florileg).</span> <span class='ocrx_word' id='word_1_270' title='bbox 1073 2091 1320 2128; x_wconf 81' lang='lat' dir='ltr'>Nostradam.</span> <span class='ocrx_word' id='word_1_271' title='bbox 1352 2089 1570 2126; x_wconf 77' lang='lat' dir='ltr'>Hildebert-</span> 
     </span>
    </p>

    <p class='ocr_par' dir='ltr' id='par_1_18' title="bbox 106 2140 1649 2482">
     <span class='ocr_line' id='line_1_32' title="bbox 107 2140 1647 2197; baseline -0.001 -15"><span class='ocrx_word' id='word_1_272' title='bbox 107 2146 330 2196; x_wconf 84' lang='lat' dir='ltr'>subiungere</span> <span class='ocrx_word' id='word_1_273' title='bbox 351 2143 439 2183; x_wconf 56' lang='grc' dir='ltr'>,ΩΨ</span> <span class='ocrx_word' id='word_1_274' title='bbox 462 2140 513 2191; x_wconf 82' lang='grc' dir='ltr'>ς”</span> <span class='ocrx_word' id='word_1_275' title='bbox 534 2146 583 2195; x_wconf 84' lang='lat' dir='ltr'>(et</span> <span class='ocrx_word' id='word_1_276' title='bbox 604 2160 701 2185; x_wconf 80' lang='lat' dir='ltr'>omn.</span> <span class='ocrx_word' id='word_1_277' title='bbox 723 2149 831 2185; x_wconf 84' lang='lat' dir='ltr'>codd.</span> <span class='ocrx_word' id='word_1_278' title='bbox 856 2147 1028 2197; x_wconf 81' lang='lat' dir='ltr'>Cruquii)</span> <span class='ocrx_word' id='word_1_279' title='bbox 1046 2148 1213 2197; x_wconf 74' lang='lat' dir='ltr'>floriley.</span> <span class='ocrx_word' id='word_1_280' title='bbox 1236 2147 1485 2184; x_wconf 80' lang='lat' dir='ltr'>Nostradam.</span> <span class='ocrx_word' id='word_1_281' title='bbox 1509 2157 1647 2192; x_wconf 91' lang='lat' dir='ltr'>suppo-</span> 
     </span>
     <span class='ocr_line' id='line_1_33' title="bbox 110 2199 1648 2255; baseline 0.002 -18"><span class='ocrx_word' id='word_1_282' title='bbox 110 2216 198 2238; x_wconf 83' lang='lat' dir='ltr'>nere</span> <span class='ocrx_word' id='word_1_283' title='bbox 213 2216 239 2251; x_wconf 66' lang='grc' dir='ltr'><em>ῃ</em></span> <span class='ocrx_word' id='word_1_284' title='bbox 260 2204 476 2239; x_wconf 79' lang='lat' dir='ltr'>submittere</span> <span class='ocrx_word' id='word_1_285' title='bbox 489 2215 517 2251; x_wconf 79' lang='lat' dir='ltr'><strong><em>y</em></strong></span> <span class='ocrx_word' id='word_1_286' title='bbox 536 2217 567 2241; x_wconf 88' lang='grc' dir='ltr'><strong>ω</strong></span> <span class='ocrx_word' id='word_1_287' title='bbox 586 2205 836 2242; x_wconf 79' lang='lat' dir='ltr'>Hildebertus</span> <span class='ocrx_word' id='word_1_288' title='bbox 910 2205 960 2242; x_wconf 85' lang='lat'>21</span> <span class='ocrx_word' id='word_1_289' title='bbox 985 2206 1111 2255; x_wconf 82' lang='lat' dir='ltr'>Longa</span> <span class='ocrx_word' id='word_1_290' title='bbox 1126 2201 1212 2241; x_wconf 60' lang='lat' dir='ltr'>§Em</span> <span class='ocrx_word' id='word_1_291' title='bbox 1228 2204 1356 2252; x_wconf 78' lang='lat' dir='ltr'>(defle.</span> <span class='ocrx_word' id='word_1_292' title='bbox 1374 2202 1407 2252; x_wconf 86' lang='grc' dir='ltr'>ε)</span> <span class='ocrx_word' id='word_1_293' title='bbox 1425 2199 1648 2251; x_wconf 68' lang='grc' dir='ltr'>ς”ΡονρΙι.’</span> 
     </span>
     <span class='ocr_line' id='line_1_34' title="bbox 106 2254 1649 2313; baseline 0 -15"><span class='ocrx_word' id='word_1_294' title='bbox 106 2262 270 2310; x_wconf 74' lang='lat' dir='ltr'>floriley.</span> <span class='ocrx_word' id='word_1_295' title='bbox 292 2261 538 2299; x_wconf 80' lang='lat' dir='ltr'>Nostradam.</span> <span class='ocrx_word' id='word_1_296' title='bbox 570 2262 690 2297; x_wconf 87' lang='lat' dir='ltr'>Lenta</span> <span class='ocrx_word' id='word_1_297' title='bbox 707 2273 735 2310; x_wconf 79' lang='lat' dir='ltr'><em>y</em></span> <span class='ocrx_word' id='word_1_298' title='bbox 758 2258 803 2313; x_wconf 90' lang='lat'>[1</span> <span class='ocrx_word' id='word_1_299' title='bbox 827 2263 910 2299; x_wconf 80' lang='lat' dir='ltr'>cod.</span> <span class='ocrx_word' id='word_1_300' title='bbox 932 2260 1094 2300; x_wconf 81' lang='lat' dir='ltr'>Barthz&#39;i</span> <span class='ocrx_word' id='word_1_301' title='bbox 1100 2254 1406 2309; x_wconf 55' lang='lat' dir='ltr'>suspectissimus,</span> <span class='ocrx_word' id='word_1_302' title='bbox 1437 2273 1511 2296; x_wconf 77' lang='lat' dir='ltr'>non</span> <span class='ocrx_word' id='word_1_303' title='bbox 1530 2261 1649 2298; x_wconf 80' lang='lat' dir='ltr'><em>&#39;Bam-</em></span> 
     </span>
     <span class='ocr_line' id='line_1_35' title="bbox 109 2315 1649 2370; baseline 0.001 -16"><span class='ocrx_word' id='word_1_304' title='bbox 109 2319 213 2366; x_wconf 72' lang='lat' dir='ltr'>bery.</span> <span class='ocrx_word' id='word_1_305' title='bbox 235 2321 329 2364; x_wconf 82' lang='lat' dir='ltr'>quod</span> <span class='ocrx_word' id='word_1_306' title='bbox 348 2321 580 2370; x_wconf 60' lang='lat' dir='ltr'>contenderat</span> <span class='ocrx_word' id='word_1_307' title='bbox 600 2315 803 2370; x_wconf 80' lang='lat' dir='ltr'>Iaeclcius]</span> <span class='ocrx_word' id='word_1_308' title='bbox 827 2321 929 2366; x_wconf 81' lang='lat' dir='ltr'>prob.</span> <span class='ocrx_word' id='word_1_309' title='bbox 947 2321 1077 2357; x_wconf 81' lang='lat' dir='ltr'>Bentz.</span> <span class='ocrx_word' id='word_1_310' title='bbox 1094 2321 1155 2355; x_wconf 79' lang='lat' dir='ltr'>sed</span> <span class='ocrx_word' id='word_1_311' title='bbox 1174 2323 1219 2363; x_wconf 70' lang='lat' dir='ltr'>cf.</span> <span class='ocrx_word' id='word_1_312' title='bbox 1236 2319 1372 2357; x_wconf 80' lang='lat' dir='ltr'>Senec.</span> <span class='ocrx_word' id='word_1_313' title='bbox 1394 2319 1536 2367; x_wconf 65' lang='lat' dir='ltr'>dialog).</span> <span class='ocrx_word' id='word_1_314' title='bbox 1551 2317 1581 2354; x_wconf 89' lang='lat' dir='ltr'>X</span> <span class='ocrx_word' id='word_1_315' title='bbox 1601 2319 1649 2355; x_wconf 83' lang='lat' dir='ltr'>de</span> 
     </span>
     <span class='ocr_line' id='line_1_36' title="bbox 109 2375 1647 2424; baseline -0.001 -12"><span class='ocrx_word' id='word_1_316' title='bbox 109 2376 245 2413; x_wconf 79' lang='lat' dir='ltr'>breuit.</span> <span class='ocrx_word' id='word_1_317' title='bbox 269 2378 375 2413; x_wconf 82' lang='lat' dir='ltr'>uitae</span> <span class='ocrx_word' id='word_1_318' title='bbox 398 2376 464 2424; x_wconf 82' lang='lat'>16,</span> <span class='ocrx_word' id='word_1_319' title='bbox 485 2376 529 2413; x_wconf 83' lang='lat'>2:</span> <span class='ocrx_word' id='word_1_320' title='bbox 553 2376 669 2422; x_wconf 69' lang='lat' dir='ltr'>‘quod</span> <span class='ocrx_word' id='word_1_321' title='bbox 691 2388 802 2422; x_wconf 86' lang='lat' dir='ltr'>saepe</span> <span class='ocrx_word' id='word_1_322' title='bbox 821 2377 895 2411; x_wconf 88' lang='lat' dir='ltr'>illis</span> <span class='ocrx_word' id='word_1_323' title='bbox 914 2376 1050 2422; x_wconf 85' lang='lat' dir='ltr'>longus</span> <span class='ocrx_word' id='word_1_324' title='bbox 1072 2377 1222 2411; x_wconf 87' lang='lat' dir='ltr'>uidetur</span> <span class='ocrx_word' id='word_1_325' title='bbox 1245 2375 1342 2411; x_wconf 86' lang='lat' dir='ltr'>dies&#39;</span> <span class='ocrx_word' id='word_1_326' title='bbox 1364 2375 1508 2413; x_wconf 69' lang='lat' dir='ltr'>Auson.</span> <span class='ocrx_word' id='word_1_327' title='bbox 1524 2376 1571 2412; x_wconf 82' lang='lat' dir='ltr'>de</span> <span class='ocrx_word' id='word_1_328' title='bbox 1591 2377 1647 2412; x_wconf 80' lang='lat' dir='ltr'>in-</span> 
     </span>
     <span class='ocr_line' id='line_1_37' title="bbox 110 2430 1646 2482; baseline -0.002 -13"><span class='ocrx_word' id='word_1_329' title='bbox 110 2435 270 2471; x_wconf 77' lang='lat' dir='ltr'>conexis</span> <span class='ocrx_word' id='word_1_330' title='bbox 290 2445 329 2470; x_wconf 87' lang='lat' dir='ltr'>u.</span> <span class='ocrx_word' id='word_1_331' title='bbox 343 2433 396 2472; x_wconf 90' lang='lat'>10</span> <span class='ocrx_word' id='word_1_332' title='bbox 413 2445 454 2481; x_wconf 83' lang='lat' dir='ltr'>p.</span> <span class='ocrx_word' id='word_1_333' title='bbox 469 2433 547 2472; x_wconf 87' lang='lat'>198</span> <span class='ocrx_word' id='word_1_334' title='bbox 569 2434 658 2482; x_wconf 72' lang='lat' dir='ltr'><em>Bip.</em></span> <span class='ocrx_word' id='word_1_335' title='bbox 672 2451 682 2470; x_wconf 90' lang='lat'>.·</span> <span class='ocrx_word' id='word_1_336' title='bbox 705 2433 832 2479; x_wconf 64' lang='lat' dir='ltr'>‘longa</span> <span class='ocrx_word' id='word_1_337' title='bbox 852 2434 931 2469; x_wconf 86' lang='lat' dir='ltr'>dies</span> <span class='ocrx_word' id='word_1_338' title='bbox 954 2446 1112 2482; x_wconf 82' lang='lat' dir='ltr'>operosa</span> <span class='ocrx_word' id='word_1_339' title='bbox 1132 2433 1228 2479; x_wconf 82' lang='lat' dir='ltr'>uiro,</span> <span class='ocrx_word' id='word_1_340' title='bbox 1250 2433 1316 2468; x_wconf 86' lang='lat' dir='ltr'>sed</span> <span class='ocrx_word' id='word_1_341' title='bbox 1338 2433 1536 2479; x_wconf 82' lang='lat' dir='ltr'>temperies</span> <span class='ocrx_word' id='word_1_342' title='bbox 1557 2430 1646 2466; x_wconf 84' lang='lat' dir='ltr'>nox&#39;</span> 
     </span>
    </p>
   </div>
   <div class='ocr_carea' id='block_1_9' title="bbox 108 2493 1648 2964">
    <p class='ocr_par' dir='ltr' id='par_1_19' title="bbox 108 2493 1648 2908">
     <span class='ocr_line' id='line_1_38' title="bbox 108 2493 1646 2562; baseline -0.001 -13"><span class='ocrx_word' id='word_1_343' title='bbox 108 2513 219 2561; x_wconf 83' lang='lat' dir='ltr'>piger</span> <span class='ocrx_word' id='word_1_344' title='bbox 248 2525 266 2550; x_wconf 89' lang='grc' dir='ltr'><strong>ε</strong></span> <span class='ocrx_word' id='word_1_345' title='bbox 295 2493 381 2562; x_wconf 51' lang='grc' dir='ltr'>ἐξίει·</span> <span class='ocrx_word' id='word_1_346' title='bbox 410 2514 443 2551; x_wconf 88' lang='grc' dir='ltr'><em>Α</em></span> <span class='ocrx_word' id='word_1_347' title='bbox 559 2513 612 2550; x_wconf 90' lang='grc'>22</span> <span class='ocrx_word' id='word_1_348' title='bbox 644 2518 789 2560; x_wconf 85' lang='lat' dir='ltr'>patrum</span> <span class='ocrx_word' id='word_1_349' title='bbox 818 2515 910 2551; x_wconf 82' lang='lat' dir='ltr'>com&#39;.</span> <span class='ocrx_word' id='word_1_350' title='bbox 941 2515 1079 2552; x_wconf 84' lang='lat' dir='ltr'>Bellus</span> <span class='ocrx_word' id='word_1_351' title='bbox 1116 2517 1178 2550; x_wconf 80' lang='lat' dir='ltr'>sed</span> <span class='ocrx_word' id='word_1_352' title='bbox 1213 2519 1257 2557; x_wconf 80' lang='lat' dir='ltr'>cr.</span> <span class='ocrx_word' id='word_1_353' title='bbox 1291 2514 1428 2551; x_wconf 84' lang='lat' dir='ltr'>Senec.</span> <span class='ocrx_word' id='word_1_354' title='bbox 1460 2513 1646 2550; x_wconf 81' lang='lat' dir='ltr'>consolat.</span> 
     </span>
     <span class='ocr_line' id='line_1_39' title="bbox 110 2568 1647 2617; baseline -0.003 -11"><span class='ocrx_word' id='word_1_355' title='bbox 110 2571 162 2607; x_wconf 82' lang='lat' dir='ltr'>ad</span> <span class='ocrx_word' id='word_1_356' title='bbox 189 2570 381 2608; x_wconf 82' lang='lat' dir='ltr'>Marciam</span> <span class='ocrx_word' id='word_1_357' title='bbox 412 2569 486 2607; x_wconf 81' lang='lat'>24:</span> <span class='ocrx_word' id='word_1_358' title='bbox 526 2569 713 2617; x_wconf 73' lang='lat' dir='ltr'>‘pupillus</span> <span class='ocrx_word' id='word_1_359' title='bbox 744 2570 896 2606; x_wconf 82' lang='lat' dir='ltr'>relictus</span> <span class='ocrx_word' id='word_1_360' title='bbox 928 2572 998 2606; x_wconf 91' lang='lat' dir='ltr'>sub</span> <span class='ocrx_word' id='word_1_361' title='bbox 1034 2572 1172 2606; x_wconf 81' lang='lat' dir='ltr'>tutoris</span> <span class='ocrx_word' id='word_1_362' title='bbox 1203 2582 1292 2605; x_wconf 83' lang='lat' dir='ltr'>cura</span> <span class='ocrx_word' id='word_1_363' title='bbox 1322 2581 1442 2617; x_wconf 88' lang='lat' dir='ltr'>usque</span> <span class='ocrx_word' id='word_1_364' title='bbox 1472 2569 1519 2604; x_wconf 88' lang='lat' dir='ltr'>ad</span> <span class='ocrx_word' id='word_1_365' title='bbox 1550 2568 1647 2602; x_wconf 85' lang='lat' dir='ltr'>deci-</span> 
     </span>
     <span class='ocr_line' id='line_1_40' title="bbox 108 2624 1647 2678; baseline 0.002 -18"><span class='ocrx_word' id='word_1_366' title='bbox 108 2638 201 2661; x_wconf 89' lang='lat' dir='ltr'>mum</span> <span class='ocrx_word' id='word_1_367' title='bbox 232 2631 402 2678; x_wconf 84' lang='lat' dir='ltr'>quartum</span> <span class='ocrx_word' id='word_1_368' title='bbox 432 2639 567 2662; x_wconf 87' lang='lat' dir='ltr'>annum</span> <span class='ocrx_word' id='word_1_369' title='bbox 596 2628 687 2674; x_wconf 82' lang='lat' dir='ltr'>fuit,</span> <span class='ocrx_word' id='word_1_370' title='bbox 720 2629 790 2663; x_wconf 90' lang='lat' dir='ltr'>sub</span> <span class='ocrx_word' id='word_1_371' title='bbox 820 2628 947 2663; x_wconf 83' lang='lat' dir='ltr'>matris</span> <span class='ocrx_word' id='word_1_372' title='bbox 976 2629 1095 2663; x_wconf 79' lang='lat' dir='ltr'>tutela</span> <span class='ocrx_word' id='word_1_373' title='bbox 1124 2627 1289 2674; x_wconf 86' lang='lat' dir='ltr'>semper&#39;</span> <span class='ocrx_word' id='word_1_374' title='bbox 1379 2639 1445 2664; x_wconf 85' lang='lat' dir='ltr'>uu.</span> <span class='ocrx_word' id='word_1_375' title='bbox 1479 2624 1647 2664; x_wconf 81' lang='lat'><strong>23—26</strong></span> 
     </span>
     <span class='ocr_line' id='line_1_41' title="bbox 110 2678 1648 2735; baseline -0.001 -15"><span class='ocrx_word' id='word_1_376' title='bbox 110 2684 282 2722; x_wconf 83' lang='lat' dir='ltr'>desunt</span> <span class='ocrx_word' id='word_1_377' title='bbox 306 2697 324 2722; x_wconf 83' lang='grc' dir='ltr'><em>ε</em></span> <span class='ocrx_word' id='word_1_378' title='bbox 412 2684 465 2723; x_wconf 83' lang='grc'>32</span> <span class='ocrx_word' id='word_1_379' title='bbox 487 2690 687 2735; x_wconf 84' lang='lat' dir='ltr'>temporaq.</span> <span class='ocrx_word' id='word_1_380' title='bbox 721 2697 869 2735; x_wconf 89' lang='lat' dir='ltr'>uespem</span> <span class='ocrx_word' id='word_1_381' title='bbox 891 2685 925 2722; x_wconf 89' lang='lat' dir='ltr'><em>A</em></span> <span class='ocrx_word' id='word_1_382' title='bbox 1006 2691 1178 2735; x_wconf 82' lang='lat' dir='ltr'>tempora</span> <span class='ocrx_word' id='word_1_383' title='bbox 1199 2683 1224 2722; x_wconf 82' lang='grc' dir='ltr'><em>δ</em></span> <span class='ocrx_word' id='word_1_384' title='bbox 1312 2683 1366 2721; x_wconf 83' lang='grc'>24</span> <span class='ocrx_word' id='word_1_385' title='bbox 1397 2684 1539 2720; x_wconf 87' lang='lat' dir='ltr'>nauiter</span> <span class='ocrx_word' id='word_1_386' title='bbox 1560 2678 1648 2719; x_wconf 54' lang='grc' dir='ltr'>ΩΨ</span> 
     </span>
     <span class='ocr_line' id='line_1_42' title="bbox 110 2738 1648 2792; baseline -0.004 -12"><span class='ocrx_word' id='word_1_387' title='bbox 110 2739 235 2790; x_wconf 81' lang='lat' dir='ltr'>(defic.</span> <span class='ocrx_word' id='word_1_388' title='bbox 259 2741 291 2790; x_wconf 83' lang='grc' dir='ltr'>ε)</span> <span class='ocrx_word' id='word_1_389' title='bbox 314 2738 365 2786; x_wconf 64' lang='grc' dir='ltr'>ςἼ</span> <span class='ocrx_word' id='word_1_390' title='bbox 396 2742 569 2787; x_wconf 84' lang='lat' dir='ltr'>gnauiter</span> <span class='ocrx_word' id='word_1_391' title='bbox 589 2755 615 2779; x_wconf 88' lang='lat' dir='ltr'><em>v</em></span> <span class='ocrx_word' id='word_1_392' title='bbox 635 2756 660 2792; x_wconf 75' lang='lat' dir='ltr'><strong><em>y</em></strong></span> <span class='ocrx_word' id='word_1_393' title='bbox 679 2745 842 2792; x_wconf 64' lang='lat' dir='ltr'>florileg).</span> <span class='ocrx_word' id='word_1_394' title='bbox 867 2743 1114 2780; x_wconf 78' lang='lat' dir='ltr'>Nostradam·</span> <span class='ocrx_word' id='word_1_395' title='bbox 1144 2744 1181 2777; x_wconf 79' lang='lat' dir='ltr'>in</span> <span class='ocrx_word' id='word_1_396' title='bbox 1203 2755 1227 2779; x_wconf 83' lang='grc' dir='ltr'><em>ν</em></span> <span class='ocrx_word' id='word_1_397' title='bbox 1247 2748 1287 2777; x_wconf 83' lang='lat' dir='ltr'>ut</span> <span class='ocrx_word' id='word_1_398' title='bbox 1306 2746 1434 2787; x_wconf 81' lang='lat' dir='ltr'><em>forma</em></span> <span class='ocrx_word' id='word_1_399' title='bbox 1457 2740 1648 2776; x_wconf 75' lang='lat' dir='ltr'>notabilior</span> 
     </span>
     <span class='ocr_line' id='line_1_43' title="bbox 110 2793 1646 2847; baseline 0.002 -15"><span class='ocrx_word' id='word_1_400' title='bbox 110 2799 326 2845; x_wconf 78' lang='lat' dir='ltr'>adscriptum</span> <span class='ocrx_word' id='word_1_401' title='bbox 346 2806 415 2835; x_wconf 79' lang='lat' dir='ltr'>cst.-</span> <span class='ocrx_word' id='word_1_402' title='bbox 446 2796 650 2838; x_wconf 65' lang='lat' dir='ltr'>NevlTER.</span> <span class='ocrx_word' id='word_1_403' title='bbox 759 2812 796 2837; x_wconf 88' lang='lat' dir='ltr'>u.</span> <span class='ocrx_word' id='word_1_404' title='bbox 822 2799 881 2837; x_wconf 85' lang='lat'>25.</span> <span class='ocrx_word' id='word_1_405' title='bbox 900 2803 1004 2837; x_wconf 81' lang='lat' dir='ltr'>omis.</span> <span class='ocrx_word' id='word_1_406' title='bbox 1027 2793 1085 2837; x_wconf 75' lang='lat'>6&#39;1</span> <span class='ocrx_word' id='word_1_407' title='bbox 1108 2804 1175 2837; x_wconf 84' lang='lat' dir='ltr'>aut</span> <span class='ocrx_word' id='word_1_408' title='bbox 1194 2811 1257 2847; x_wconf 83' lang='lat' dir='ltr'>pr.</span> <span class='ocrx_word' id='word_1_409' title='bbox 1279 2811 1306 2847; x_wconf 79' lang='lat' dir='ltr'><strong><em>y</em></strong></span> <span class='ocrx_word' id='word_1_410' title='bbox 1326 2804 1359 2834; x_wconf 82' lang='lat' dir='ltr'>et</span> <span class='ocrx_word' id='word_1_411' title='bbox 1376 2799 1541 2847; x_wconf 66' lang='lat' dir='ltr'>florileg).</span> <span class='ocrx_word' id='word_1_412' title='bbox 1566 2797 1646 2835; x_wconf 91' lang='grc' dir='ltr'>Νο-</span> 
     </span>
     <span class='ocr_line' id='line_1_44' title="bbox 109 2853 1645 2908; baseline -0.001 -17"><span class='ocrx_word' id='word_1_413' title='bbox 109 2857 316 2898; x_wconf 82' lang='lat' dir='ltr'>stradam.,·</span> <span class='ocrx_word' id='word_1_414' title='bbox 344 2863 421 2902; x_wconf 79' lang='lat' dir='ltr'>post</span> <span class='ocrx_word' id='word_1_415' title='bbox 443 2869 481 2894; x_wconf 84' lang='lat' dir='ltr'>u.</span> <span class='ocrx_word' id='word_1_416' title='bbox 505 2856 557 2894; x_wconf 90' lang='grc'>26</span> <span class='ocrx_word' id='word_1_417' title='bbox 589 2858 751 2892; x_wconf 76' lang='lat' dir='ltr'>exhibent</span> <span class='ocrx_word' id='word_1_418' title='bbox 770 2870 792 2893; x_wconf 92' lang='lat' dir='ltr'><em>r</em></span> <span class='ocrx_word' id='word_1_419' title='bbox 809 2869 836 2904; x_wconf 76' lang='lat' dir='ltr'><em>y</em></span> <span class='ocrx_word' id='word_1_420' title='bbox 861 2853 983 2908; x_wconf 83' lang='lat' dir='ltr'>[Lips.</span> <span class='ocrx_word' id='word_1_421' title='bbox 1008 2853 1038 2907; x_wconf 82' lang='grc' dir='ltr'>ι]</span> <span class='ocrx_word' id='word_1_422' title='bbox 1129 2856 1182 2894; x_wconf 84' lang='grc'>25</span> <span class='ocrx_word' id='word_1_423' title='bbox 1204 2859 1329 2905; x_wconf 80' lang='lat' dir='ltr'>Aeque</span> <span class='ocrx_word' id='word_1_424' title='bbox 1352 2884 1360 2892; x_wconf 93' lang='lat'><strong>.</strong></span> <span class='ocrx_word' id='word_1_425' title='bbox 1385 2884 1394 2892; x_wconf 91' lang='lat'><strong>.</strong></span> <span class='ocrx_word' id='word_1_426' title='bbox 1419 2884 1427 2892; x_wconf 91' lang='lat'><strong>.</strong></span> <span class='ocrx_word' id='word_1_427' title='bbox 1451 2867 1591 2904; x_wconf 64' lang='lat' dir='ltr'>aequeffl</span> <span class='ocrx_word' id='word_1_428' title='bbox 1613 2854 1645 2890; x_wconf 88' lang='lat' dir='ltr'><em>A</em></span> 
     </span>
    </p>

    <p class='ocr_par' dir='ltr' id='par_1_20' title="bbox 223 2907 1647 2964">
     <span class='ocr_line' id='line_1_45' title="bbox 223 2907 1647 2964; baseline -0.001 -15"><span class='ocrx_word' id='word_1_429' title='bbox 223 2924 338 2963; x_wconf 69' lang='lat' dir='ltr'>aeque</span> <span class='ocrx_word' id='word_1_430' title='bbox 367 2909 409 2949; x_wconf 81' lang='grc' dir='ltr'>δ’</span> <span class='ocrx_word' id='word_1_431' title='bbox 510 2913 563 2951; x_wconf 89' lang='grc'>26</span> <span class='ocrx_word' id='word_1_432' title='bbox 595 2915 721 2964; x_wconf 70' lang='lat' dir='ltr'>Aeque</span> <span class='ocrx_word' id='word_1_433' title='bbox 750 2911 775 2950; x_wconf 82' lang='grc' dir='ltr'><em>ὃ</em></span> <span class='ocrx_word' id='word_1_434' title='bbox 876 2914 1078 2951; x_wconf 86' lang='lat' dir='ltr'>neclectum</span> <span class='ocrx_word' id='word_1_435' title='bbox 1109 2908 1201 2964; x_wconf 71' lang='lat' dir='ltr'>A&#39;y</span> <span class='ocrx_word' id='word_1_436' title='bbox 1221 2912 1273 2961; x_wconf 83' lang='lat' dir='ltr'>(d)</span> <span class='ocrx_word' id='word_1_437' title='bbox 1304 2913 1511 2962; x_wconf 84' lang='lat' dir='ltr'>neglectum</span> <span class='ocrx_word' id='word_1_438' title='bbox 1544 2907 1647 2950; x_wconf 73' lang='lat' dir='ltr'>cett!</span> 
     </span>
    </p>
   </div>
   <div class='ocr_carea' id='block_1_10' title="bbox 1372 2985 1440 3022">
    <p class='ocr_par' dir='ltr' id='par_1_21' title="bbox 1372 2985 1440 3022">
     <span class='ocr_line' id='line_1_46' title="bbox 1372 2985 1440 3022; baseline 0 0"><span class='ocrx_word' id='word_1_439' title='bbox 1372 2985 1440 3022; x_wconf 84' lang='lat'>13*</span> 
     </span>
    </p>
   </div>
  </div>
 </body>
</html>
