1890 3106
203 110 277 153 196
723 123 884 150 ΗοιιΑΤΙ
914 122 1207 166 Ems'rvLARyM

309 235 364 276 nil
395 235 574 276 conscire
605 233 699 281 sibi,
732 233 838 274 nulla
868 233 1088 286 pallescere
1118 232 1246 285 culpa.

308 310 468 354 Roscia,
502 309 564 348 dic
594 308 728 354 sodes,
760 307 900 347 melior
931 306 995 347 lex
1026 318 1073 347 an
1107 307 1396 360 *puerorumst

308 384 447 428 nenia,
481 394 581 433 quae
611 393 779 433 regnum
809 386 918 422 recte
949 379 1186 421 facientibus
1216 381 1349 427 offert,

311 462 350 497 et
379 455 556 496 maribus
587 456 715 496 Curiis
746 460 784 495 et
814 455 1020 495 decantata
1053 453 1249 494 Camillis?

308 531 393 571 isne
423 529 495 570 tibi
524 529 666 570 melius
696 529 835 569 suadet
864 529 948 582 qui,
979 541 1064 568 rem
1096 529 1235 574 facias,
1267 541 1371 575 rem,
1679 537 1723 570 65

309 606 342 644 si
372 605 518 657 possis,
552 608 680 649 reete,
713 605 746 643 si
777 615 874 650 non,
908 615 1157 655 quocumque
1188 602 1305 642 modo
1336 615 1441 649 rem,

310 683 352 718 ut
382 678 546 730 propius
575 682 728 729 spectes
759 676 968 717 lacrimosa
998 681 1182 730 poemata
1211 676 1328 729 Pupi:

309 764 360 792 an
391 753 458 803 qui
488 751 688 791 Fortunae
718 756 756 791 te
786 763 1022 804 responsare
1053 749 1249 803 superbae

311 825 482 865 liberum
514 830 554 865 et
585 830 760 865 erectum
793 837 982 877 praesens
1013 824 1194 864 hortatur
1226 828 1265 863 et
1294 824 1424 876 aptat?

197 974 464 1003 TESTIMONIA.

197 1029 312 1072 igitur
337 1027 511 1061 faciendo
536 1029 636 1071 regis
662 1038 793 1060 nomen
817 1030 972 1067 tenetur,
999 1027 1189 1070 peccando
1212 1027 1404 1061 amittitur.
1437 1027 1542 1062 Vnde
1567 1031 1605 1062 et
1627 1029 1726 1073 apud

197 1078 345 1107 ueteres
369 1073 445 1106 tale
472 1076 554 1106 erat
578 1074 826 1116 prouerbium:
859 1083 924 1106 rex
948 1073 1040 1115 eris,
1073 1073 1104 1106 si
1135 1075 1236 1106 recte
1268 1073 1404 1107 facias:
1437 1074 1468 1106 si
1492 1084 1566 1107 non
1590 1074 1724 1118 facias,

197 1130 270 1152 non
296 1119 388 1151 eris’
468 1119 509 1151 61
535 1119 614 1152 uita
638 1119 812 1151 Norberti
837 1118 1107 1161 archiepiscopi
1123 1118 1363 1162 Magdeburg.
1382 1118 1557 1153 additam.
1586 1116 1725 1164 [Pertz.

197 1164 308 1198 XIIII
330 1179 375 1191 =
399 1165 471 1197 XII
495 1175 531 1207 p.
556 1162 636 1207 706]
755 1165 798 1196 62
825 1174 878 1207 sq.
911 1167 1127 1207 ‘puerorum
1158 1181 1202 1188 —
1234 1174 1303 1206 que
1335 1182 1380 1188 —-
1409 1164 1537 1198 offert’
1566 1165 1726 1200 Ioannes

197 1210 442 1243 Victoriensis
465 1211 504 1250 4,
532 1211 549 1242 1
575 1221 611 1253 p.
634 1210 701 1242 360
726 1210 768 1242 Β.
862 1210 906 1242 65
932 1219 985 1252 sq,
1011 1209 1166 1252 florileg.
1192 1209 1425 1245 Nostradam.
1518 1211 1562 1245 67
1587 1210 1637 1245 cf.
1661 1211 1726 1245 Ar-

197 1256 330 1289 nobius
345 1255 422 1288 IIII
442 1266 474 1289 c.
491 1257 528 1288 9:
555 1256 657 1298 ‘quis
683 1254 731 1287 ad
757 1258 957 1288 extremum
983 1254 1090 1287 deam
1115 1255 1314 1287 Pecuniam
1340 1265 1421 1288 esse
1448 1255 1590 1298 credat,
1617 1266 1726 1300 quam

197 1301 301 1334 uelut
329 1301 525 1333 maximum
555 1310 688 1333 numen
712 1303 863 1333 uestrae
893 1300 1061 1333 indicant
1086 1300 1238 1333 litterae
1265 1298 1559 1335 donareanulos
1583 1311 1728 1341 aureos,

169 1386 173 1389 K
198 1346 281 1379 loca
312 1346 350 1379 in
379 1346 477 1379 ludis
509 1349 616 1388 atque
648 1346 687 1378 in
720 1346 944 1388 spectaculis
968 1346 1090 1388 priora
1116 1356 1146 1378 e.
1174 1355 1206 1388 q.
1231 1348 1273 1379 s.'
1390 1349 1429 1379 et
1459 1346 1509 1382 ef.
1533 1346 1728 1391 Augustin.

201 1391 245 1424 de
274 1392 374 1427 cinit.
402 1391 461 1424 dei
486 1392 555 1424 VII
580 1393 618 1424 3:
651 1391 871 1424 ‘obscurata
896 1394 954 1424 est
986 1391 1055 1424 dea
1079 1391 1244 1423 Pecunia
1269 1418 1276 1426 .
1302 1415 1310 1424 .
1339 1416 1347 1425 .
1374 1402 1439 1427 cur
1469 1392 1539 1425 dea
1563 1392 1728 1426 Pecunia

199 1438 389 1470 Mineruae
415 1436 585 1480 praelata
610 1447 682 1469 non
708 1438 811 1469 est?’
876 1437 1022 1469 68—70
1046 1436 1200 1479 florileg.
1225 1437 1453 1470 Nostradam.
1523 1438 1566 1472 69
1591 1437 1639 1472 cf.
1665 1438 1729 1472 Se—

200 1493 293 1515 neca
319 1482 364 1514 de
389 1483 470 1515 uita
494 1483 608 1515 beata
623 1483 662 1514 4:
689 1480 852 1524 (beatam
868 1482 982 1514 uitam
1006 1481 1113 1524 dicit)
1140 1482 1352 1523 ‘liberum
1377 1482 1537 1515 animum
1562 1486 1606 1516 et
1631 1493 1728 1516 ere-

200 1531 315 1560 ctum
335 1531 372 1560 et
388 1527 595 1559 interritum
615 1537 658 1559 ae
677 1527 857 1568 stabilem,
877 1530 981 1559 extra
1000 1529 1148 1568 metum,
1168 1530 1272 1560 extra
1291 1527 1534 1570 cupiditatem
1551 1529 1727 1572 positum’

199 1644 328 1682 VAR1A
356 1654 523 1681 memo.

198 1724 236 1759 p,
257 1711 336 1748 198
358 1711 470 1758 sz..·
491 1709 571 1756 tqui
593 1714 693 1744 recte
714 1710 883 1753 faciet,
906 1722 978 1743 non
1002 1711 1065 1756 qui
1087 1711 1305 1756 dominatur,
1329 1712 1399 1746 erit
1419 1711 1500 1746 rex’
1522 1719 1554 1749 et
1570 1702 1729 1762 Porplz.'

201 1770 254 1805 ad
282 1780 318 1805 u.
352 1768 422 1805 62:
455 1766 481 1801 ².
516 1793 523 1800 .
558 1792 567 1800 .
599 1767 705 1812 pueri
735 1767 820 1801 lusu
852 1770 1000 1800 cantare
1031 1767 1170 1801 solent:
1210 1766 1297 1802 ‘rex
1335 1769 1406 1802 erit
1436 1769 1501 1815 qui
1531 1774 1632 1804 recte
1661 1771 1728 1805 fa-

202 1825 315 1868 ciet,
348 1824 412 1870 qui
443 1836 515 1858 non
546 1823 693 1858 faciet
723 1836 795 1858 non
828 1823 938 1857 erit''
1028 1835 1139 1861 aneus
1169 1825 1202 1861 A
1304 1825 1356 1862 61
1386 1825 1442 1862 Nil
1476 1846 1525 1853 —-
1556 1823 1640 1878 tibi]
1674 1828 1730 1865 bis

201 1884 240 1918 in
272 1883 355 1918 cod.
385 1893 409 1929 γ
524 1880 618 1917 Nihil
649 1881 687 1917 E
713 1880 829 1917 Nichil
859 1880 892 1916 A
922 1877 1085 1930 Nilssssa
1121 1881 1177 1917 Nil
1214 1878 1328 1919 cett.‘'
1352 1878 1403 1926 ς”
1440 1883 1525 1916 Non
1563 1885 1729 1933 floriley.

207 1973 448 2009 Nostradam.
548 1943 699 2007 Escirswiebi
730 1972 768 2007 E
858 1972 999 2007 consire
1029 1972 1063 2008 A
1150 1971 1214 2008 tibi
1244 1984 1278 2021 γ.
1295 1972 1366 2020 fol.
1399 1968 1481 2010 83¹³
1508 1933 1630 2022 {ishssbny
1655 1973 1727 2022 fol.

203 2028 282 2066 84³
369 2028 554 2077 palescere
582 2039 606 2076 γ
695 2027 747 2064 62
778 2038 974 2076 puerorum
1005 2034 1060 2064 est
1089 2024 1175 2065 ,ΩΨ
1199 2024 1248 2072 ς”
1280 2029 1328 2076 (et
1355 2028 1381 2065 4
1403 2029 1561 2078 Beana.)
1590 2030 1730 2070 Ioann.

214 2086 439 2123 Vz'ctorz'ens.
470 2096 687 2130 puerorum,
727 2097 795 2121 om.
827 2088 901 2127 est,
941 2097 966 2132 y
997 2080 1198 2134 [Bruoeell.
1233 2082 1458 2136 Reyinens]
1500 2099 1532 2123 ω
1565 2088 1728 2137 florileq.

203 2143 449 2179 Nostradam.
541 2141 592 2178 63
623 2141 733 2178 Nenia
754 2137 842 2177 Sam
865 2134 902 2184 ς’
933 2139 983 2188 (et
1010 2142 1150 2190 Fran.)
1185 2139 1341 2190 Porplz!
1368 2145 1532 2192 floriley.
1570 2143 1730 2182 Nostra-

202 2201 301 2236 dam.
333 2198 478 2232 Noenia
506 2209 533 2244 y
556 2194 619 2248 [β]
709 2210 746 2234 u.
779 2196 832 2235 64
863 2199 930 2233 del.
963 2197 1156 2247 Hitziyius
1184 2212 1265 2246 opp.
1297 2196 1412 2247 Pph.l
1431 2196 1591 2248 Porph.'
1611 2201 1729 2239 schol.

206 2254 242 2290 Γ
267 2261 299 2290 et
329 2259 373 2298 cf.
405 2254 553 2291 Lucan.
586 2254 644 2289 vll
679 2253 780 2291 358:
822 2254 879 2287 ‘si
918 2253 1091 2288 Curios
1130 2256 1185 2289 his
1222 2257 1298 2290 fata
1334 2256 1466 2290 darent
1500 2257 1732 2304 reducesque

205 2311 455 2346 Camillos'
543 2310 690 2347 decanta
710 2307 754 2346 δ’
832 2322 896 2347 uu.
921 2310 1114 2349 65—106
1145 2314 1358 2350 desunts
1437 2312 1489 2350 65
1521 2313 1675 2364 Hisney

203 2368 332 2404 suades
362 2381 387 2418 y
486 2378 564 2403 rem
594 2366 659 2403 tibi
690 2366 797 2403 facias
827 2378 902 2403 rem
934 2368 971 2404 F
1064 2364 1147 2418 [qui
1177 2381 1250 2403 rem
1280 2369 1393 2402 facias
1424 2369 1451 2405 4
1483 2366 1644 2420 Βίαντά]

205 2425 256 2462 66
287 2420 406 2475 recte]
429 2436 499 2461 om.
521 2429 556 2471 ψ
578 2434 592 2459 1
679 2435 855 2472 quocunq,
872 2425 910 2460 E
994 2425 1045 2462 67
1077 2426 1190 2474 puppi
1209 2426 1242 2462 A
1263 2437 1365 2463 corr.
1387 2438 1412 2476 γ
1431 2435 1466 2473 ψ
1486 2437 1504 2463 2
1524 2426 1572 2474 (et
1589 2426 1731 2476 Fran.)

203 2477 362 2528 Por-ph!
390 2481 478 2529 pupi
510 2475 637 2517 cett.''‘
661 2475 698 2523 ς’
727 2479 775 2524 (et
804 2479 844 2530 β)
874 2482 994 2518 schol.
1029 2474 1066 2516 P
1090 2483 1204 2530 yloss.
1228 2481 1267 2516 Γ
1290 2494 1384 2518 cons.
1417 2485 1512 2520 titul.
1543 2485 1730 2531 lapidum,

205 2539 284 2573 uide
313 2538 433 2574 Feam
464 2538 516 2574 ad
543 2537 581 2573 h.
611 2539 660 2583 l.;
692 2538 804 2584 defic.
835 2549 852 2572 ε
960 2538 1011 2575 68
1044 2538 1190 2575 fortune
1221 2537 1242 2574 λ
1262 2536 1286 2575 δ
1307 2549 1320 2575 1
1351 2543 1392 2575 ut
1422 2541 1499 2576 uid.
1603 2544 1645 2576 tu
1673 2539 1696 2577 λ
1716 2550 1730 2577 1

206 2600 242 2643 te
272 2607 302 2642 φ
332 2599 369 2630 te
399 2589 513 2631 cett.''
536 2589 593 2636 ς”
625 2592 748 2641 (defic'.
781 2593 813 2640 ε)
920 2594 1095 2643 superbae
1121 2591 1208 2631 ,ΩΨ
1238 2594 1364 2643 (defic.
1398 2595 1429 2643 ε)
1460 2590 1517 2641 ς”
1546 2596 1666 2635 schol.
1698 2595 1737 2631 Γ

206 2651 366 2696 superbe
395 2663 418 2699 9
446 2663 472 2698 y
499 2652 661 2699 floriley.
695 2650 941 2687 Nostradam.
971 2652 1061 2688 coni.
1092 2652 1298 2690 Lambinus
1307 2668 1320 2694 ,-
1348 2656 1390 2698 ‘ff-
1414 2664 1447 2689 c.
1469 2651 1579 2700 128,
1601 2651 1654 2690 32

208 2707 258 2744 69
290 2718 439 2755 presens
470 2706 503 2743 A
523 2703 545 2743 ὁ
663 2711 803 2743 ortatur
832 2707 864 2743 A
884 2720 908 2756 γ
1012 2712 1110 2756 aptat
1139 2705 1192 2745 A'
1213 2709 1252 2746 E
1267 2720 1291 2757 y
1310 2709 1349 2745 F
1365 2708 1386 2744 λ
1407 2706 1432 2744 ὃ
1443 2701 1453 2715 ’
1473 2701 1527 2752 ς”
1556 2707 1604 2756 (et
1633 2721 1728 2747 omn.

208 2763 364 2810 Bland.)
395 2764 513 2801 schol.
548 2762 586 2798 Γ
609 2765 772 2812 floriley.
806 2763 1051 2801 Nostradam.
1086 2769 1188 2810 optat
1215 2767 1270 2814 92
1286 2777 1353 2813 pn·
1370 2776 1396 2812 y
1421 2761 1623 2816 [Bruxell.
1655 2765 1728 2804 Re-

207 2822 302 2867 qm..-
330 2821 441 2856 lectio
472 2820 722 2857 Mauortiana
734 2816 770 2870 ?]
804 2832 834 2856 ω
865 2824 908 2860 cf.
942 2833 1030 2858 uar.
1060 2823 1149 2858 lect.
1181 2824 1290 2871 epist,
1323 2821 1336 2858 1
1367 2822 1412 2868 6,
1445 2820 1497 2859 55
