1930 3094
228 146 304 173 VIII
882 144 1117 172 PRAEFATIO

227 259 401 310 psimus,
441 258 551 296 hunc
580 257 864 296 intercedente
895 257 943 295 B.
977 256 1028 296 G.
1060 256 1331 297 Teubnero
1361 258 1603 312 bybliopola
1632 260 1758 301 hone-

227 326 420 373 stissimo,
468 326 533 363 cui
579 326 703 364 etiam
746 325 915 363 huiusce
960 325 1153 364 editionis
1192 326 1497 378 elegantissime
1539 334 1760 369 exornatae

229 406 351 432 eausa
387 406 536 444 magna
576 393 708 444 gratia
744 392 938 432 habenda
979 398 1060 442 est,
1106 406 1259 432 summo
1299 394 1381 433 otio
1421 394 1530 434 domi
1572 396 1761 437 conferre

25 454 208 524 Ῑῑῖζὲζζῦἓὲ·
228 460 347 499 nobis
376 461 504 499 licuit.
564 473 644 512 quo
683 460 791 499 facto
830 460 1099 513 archetypum
1135 461 1286 501 librum
1315 459 1363 498 π’
1393 463 1608 503 restituere
1638 477 1759 504 cona-

226 529 372 568 bamur
400 529 563 568 saeculo
594 528 702 568 VIII
734 526 820 579 (uel
849 528 998 580 V1111.)
1030 530 1074 568 ni
1105 530 1286 569 fallimur
1315 535 1525 570 exaratum
1553 544 1632 571 nec
1660 545 1761 572 sane

227 596 463 648 indignum,
497 597 586 649 qui,
618 595 864 648 ubicumque
885 597 1046 636 codices
1080 597 1381 646 §adhibentun
1413 598 1565 638 soleret
1582 598 1762 639 laudari.

25 656 209 717 “fflffistlffid
228 670 326 704 nota
358 677 381 710 ς
407 665 533 717 igitur
561 665 715 717 singuli
752 663 914 703 codices
944 665 1001 716 βπ
1030 665 1349 705 Franekeranus
1378 666 1607 719 Lipsiensis
1646 680 1760 707 num-

58 751 124 774 ηοω
144 746 191 777 ς”
227 745 350 784 quam
387 733 672 785 comprehensi
709 738 824 781 sunt,
866 733 940 772 sed
983 734 1146 786 signum
1184 731 1236 780 ς”
1276 734 1465 782 denotat,
1514 734 1761 789 archetypos

224 800 352 839 libros
386 796 432 850 β’
462 806 503 839 et
531 798 580 838 π’
609 800 796 840 lectionis
838 799 890 840 de
930 814 1012 854 qua
1048 801 1278 854 quibusque
1315 802 1415 840 locis
1453 803 1591 854 agitur
1628 803 1760 843 socios

63 881 131 904 nota
150 877 186 907 ς’
230 881 337 917 esse,
378 873 419 907 et
455 874 554 907 nota
583 866 626 913 ς’
656 869 877 920 significat,
918 875 989 908 aut
1018 867 1064 920 β(
1096 875 1167 909 aut
1196 867 1244 906 π’
1282 866 1472 921 (quorum
1511 875 1603 909 uter
1634 870 1757 910 deno-

226 941 354 985 tetur,
391 936 543 989 ubique
574 950 625 975 ex
654 942 848 976 contextu
878 935 1065 989 apparet)
1098 936 1273 976 eandem
1303 937 1498 976 exhibere
1528 937 1760 978 lectionem.

227 1016 306 1043 nec
335 1018 426 1043 raro
457 1004 642 1056 singulos
673 1004 856 1052 codices,
895 1005 965 1056 qui
995 1017 1131 1057 neque
1171 1002 1211 1050 ς’
1242 1018 1378 1056 neque
1409 1016 1435 1050 ς
1474 1006 1594 1057 signo
1633 1007 1760 1045 conti·

228 1077 398 1121 nentur,
431 1072 520 1112 siue
552 1072 579 1123 β
608 1073 695 1111 siue
726 1084 775 1120 π,
808 1073 896 1111 siue
925 1073 1052 1112 Fran.
1084 1073 1171 1112 siue
1201 1073 1337 1125 Lips.,
1372 1072 1579 1113 codicibus
1611 1086 1651 1123 ς,
1687 1073 1762 1114 sed

227 1140 377 1180 uocula
407 1139 486 1176 ‘et'
518 1139 569 1179 ab
599 1140 662 1178 his
693 1145 905 1192 separatos
936 1140 1173 1180 adiecimus,

25 1202 212 1270 ⁶⁰¹¹³⁰Jr⁴wv
344 1207 459 1259 Quos
490 1214 726 1247 constanter
755 1208 930 1247 formula
962 1221 985 1253 ς
1011 1208 1330 1260 significauimus
1370 1208 1530 1248 codices
1566 1214 1663 1249 sunt
1697 1209 1760 1250 hi:

65 1281 155 1308 codex
174 1290 190 1307 υ
235 1284 361 1325 νστρν,
394 1275 447 1314 ad
485 1289 586 1328 quos
626 1277 669 1314 in
700 1276 886 1329 epistulis
917 1281 957 1315 et
988 1276 1031 1314 in
1061 1282 1149 1315 arte
1179 1277 1340 1329 poetica
1371 1290 1392 1315 υ
1430 1277 1610 1326 accedit,
1641 1290 1764 1330 quem

65 1349 154 1376 codex
173 1358 190 1376 ν
229 1349 274 1382 ut
303 1344 468 1382 minoris
499 1344 606 1395 preti
637 1344 819 1383 codicem
850 1345 891 1383 in
924 1344 1179 1383 sermonibus
1210 1345 1452 1396 spreuimus.
1493 1358 1519 1383 ν
1547 1363 1603 1377 =
1633 1345 1764 1385 codex

228 1411 557 1462 Nienburgensis
594 1426 705 1451 nunc
737 1413 1029 1451 Dessauiensis
1066 1412 1103 1451 A
1140 1413 1294 1452 saeculi
1321 1401 1372 1451 ἷζ
1402 1413 1602 1461 ineuntis,
1641 1426 1764 1465 quem

231 1492 280 1518 ea
310 1480 401 1531 ipsa
433 1479 484 1518 de
515 1493 655 1527 causa,
689 1480 799 1531 quod
830 1493 915 1519 non
946 1480 1077 1519 solum
1102 1479 1457 1529 Germanicorum,
1491 1481 1566 1520 sed
1597 1468 1763 1520 omnino

231 1548 411 1586 omnium
433 1547 754 1586 Horatianoium
785 1548 971 1587 codicum
1001 1549 1110 1587 inter
1139 1549 1436 1587 uetustissimos
1468 1538 1547 1597 est,
1581 1555 1762 1601 praeter-

230 1615 391 1653 mittere
429 1615 645 1655 noluimus.
706 1629 783 1654 nec
812 1616 980 1654 minoris
1018 1616 1140 1667 pretii
1171 1629 1219 1655 ea
1256 1616 1307 1655 de
1345 1629 1467 1655 causa
1506 1622 1612 1664 erat,
1652 1617 1763 1670 quod

231 1683 266 1722 si
297 1696 381 1721 non
419 1682 612 1731 optimus,
652 1688 694 1721 at
730 1684 839 1722 inter
878 1683 1050 1735 optimos
1080 1682 1255 1722 Acronis
1294 1684 1347 1723 ad
1384 1697 1591 1723 sermones
1629 1689 1670 1723 et
1708 1685 1763 1724 ad

231 1755 359 1790 artem
389 1751 591 1802 poeticam
622 1756 696 1792 est.
747 1752 867 1790 immo
897 1765 996 1790 uero
1029 1751 1151 1790 etiam
1179 1751 1370 1791 lemmata
1399 1765 1506 1804 quae
1537 1752 1680 1791 dicunt
1709 1751 1762 1791 ad

229 1831 437 1857 sermones
468 1824 509 1857 et
529 1824 657 1858 artem
687 1819 888 1870 poeticam
910 1817 1032 1871 (quae
1052 1820 1171 1871 signo
1192 1819 1267 1858 Ac.
1290 1818 1539 1871 notauimus)
1571 1833 1623 1859 ex
1650 1820 1764 1859 nulla

232 1886 314 1925 alia
342 1885 579 1924 membrana
615 1886 696 1925 nisi
733 1900 784 1926 ex
820 1887 966 1926 eodem
1003 1901 1027 1925 ν
1062 1887 1228 1926 haurire
1258 1888 1476 1940 potuimus.
1536 1900 1615 1940 quo
1653 1887 1762 1927 bono

232 1953 372 1992 codice
403 1959 448 1992 ut
477 1967 551 2005 per
580 1955 705 1992 otium
736 1955 795 1993 uti
826 1967 1057 2007 possemne,
1097 1956 1196 1994 uiri
1227 1955 1605 2007 benignissimi,
1638 1969 1761 2008 quo·

231 2035 334 2060 rum
364 2021 452 2060 sub
484 2035 604 2060 cura
634 2023 956 2075 imperioque
978 2022 1087 2061 ludi
1117 2022 1408 2062 litterarum
1429 2022 1761 2062 Wirtember-

232 2090 333 2140 gici
363 2094 499 2137 sunt,
531 2089 613 2128 fide
643 2103 717 2128 sua
747 2091 859 2142 apud
878 2089 1128 2130 Anhaltinos
1158 2092 1402 2143 interposita
1426 2092 1763 2142 impetrauerunt.

346 2156 470 2208 Quod
500 2156 554 2196 ad
584 2157 780 2196 lectiones
811 2159 991 2209 pertinet
1018 2159 1149 2198 codex
1177 2172 1202 2196 ν
1230 2159 1329 2197 satis
1349 2159 1555 2198 solitarius
1576 2164 1654 2198 est':
1686 2172 1764 2199 nec

69 2232 198 2259 codexo
232 2225 366 2264 minus
398 2225 528 2264 codex
558 2234 581 2261 σ
610 2242 665 2256 =
697 2224 981 2277 Sangallensis
1013 2226 1244 2278 oppidanus
1279 2227 1359 2264 312
1391 2225 1443 2277 (B
1465 2226 1487 2265 I
1509 2225 1578 2277 11)
1611 2227 1691 2265 iam
1720 2227 1765 2265 in

29 2288 219 2356 trssffiffiaffis
232 2293 442 2332 uolumine
472 2293 602 2344 primo
641 2293 864 2332 adhibitus.
925 2294 1038 2332 cuius
1075 2295 1258 2341 proxime
1296 2287 1460 2333 affinem
1490 2294 1762 2347 Petropolita-

29 2353 213 2424 Ιῑξζῑρῇζῦἓῗ·
234 2375 335 2400 num
364 2361 616 2408 inuenimus5
652 2373 702 2399 ex
731 2373 810 2412 quo
839 2375 923 2400 una
954 2376 1044 2401 cum
1071 2363 1199 2402 altero
1231 2362 1336 2401 liber
1365 2361 1577 2414 originalis
1605 2359 1647 2398 6'
1667 2374 1761 2400 con-

233 2429 335 2467 strui
366 2433 546 2480 poterat,
586 2429 666 2466 nisi
698 2428 750 2467 de
780 2441 859 2480 quo
891 2429 1002 2468 infra
1032 2443 1198 2482 agemus
1227 2429 1529 2481 Petropolitani
1560 2430 1762 2481 permulta

232 2496 384 2535 menda
413 2502 536 2548 atque
567 2496 737 2535 inferior
768 2503 880 2536 aetas
910 2497 954 2535 id
993 2498 1110 2536 nobis
1143 2498 1440 2538 dissuasissent.
1501 2511 1591 2536 cum
1619 2496 1760 2538 Petro-

232 2564 461 2615 politanum
492 2564 588 2602 olim
609 2563 1006 2616 Sangermanensem
1037 2565 1164 2605 fuisse
1194 2566 1290 2604 satis
1321 2569 1480 2603 constet
1494 2577 1636 2617 ,neque
1657 2564 1759 2604 San-

234 2632 459 2683 gallensem
489 2631 587 2670 fano
608 2632 739 2671 sancti
762 2631 873 2671 Galli
904 2633 1122 2672 oriundum
1144 2647 1232 2672 esse
1263 2647 1287 2671 a
1306 2632 1576 2671 Wartmanno
1598 2631 1760 2683 byblio-

233 2699 415 2738 thecario
448 2700 640 2738 certiores
673 2699 770 2738 facti
800 2701 943 2748 simus,
977 2709 1000 2737 6
1032 2714 1196 2753 quoque
1226 2701 1294 2739 uel
1325 2700 1446 2738 etiam
1477 2697 1520 2736 σ’
1552 2713 1603 2738 ex
1624 2699 1761 2739 Gallia

234 2767 374 2817 procul
415 2767 537 2806 dubio
577 2768 777 2818 originem
817 2767 945 2806 duxit.
1005 2769 1048 2806 in
1079 2782 1197 2807 usum
1233 2767 1451 2807 uoluminis
1481 2767 1526 2805 II
1557 2766 1707 2806 codicis
1738 2776 1762 2804 σ

236 2834 428 2884 optimam
459 2835 734 2874 conlationem
762 2835 991 2874 Eduardi
1021 2835 1198 2875 Woelf
1206 2836 1225 2874 f
1233 2835 1328 2874 lini
1359 2834 1607 2873 Vitodurani
1638 2835 1759 2874 comi-
