1820 3094
153 136 235 179 134
710 148 870 177 nomm
902 147 1126 176 SERMONVM

263 262 474 303 aedificare
505 273 636 307 casas,
668 258 852 313 plostello
883 258 1102 311 adiungere
1133 259 1280 306 muris,

262 335 402 376 ludere
430 347 503 388 par
533 335 680 386 impar,
713 334 891 386 equitare
921 334 964 372 in
995 332 1218 373 harundine
1247 316 1365 384 longa

262 411 417 461 siquem
450 408 620 448 delectet
649 406 881 452 barbatum,
914 407 1087 447 amentia
1118 406 1265 447 uerset.

264 484 298 523 si
327 481 521 535 puerilius
552 482 615 522 his
644 483 747 521 ratio
779 493 867 521 esse
898 481 1054 521 euincet
1084 493 1236 527 amare,
1615 488 1682 520 250

261 569 336 597 nec
365 557 577 609 quicquam
608 554 789 602 differre,
821 560 1009 595 utrumne
1038 556 1080 595 in
1111 555 1278 607 puluere
1308 544 1450 596 trimu's

263 629 377 682 quale
408 631 519 683 prius
550 629 663 669 ludas
694 642 813 682 opus,
846 641 895 669 an
927 630 1156 670 meretricis
1187 641 1323 669 amore

264 703 458 744 sollicitus
489 703 639 756 plores3
674 714 843 755 quaero,
876 704 1049 744 faciasne
1081 703 1185 754 quod
1217 702 1309 743 olim

260 782 432 818 mutatus
461 777 677 818 Polemon?
707 790 832 830 ponas
862 779 1031 831 insignia
1065 776 1217 823 morbi,

149 909 423 938 TESTIMONIA.

261 966 328 998 247
361 964 408 998 cf.
435 964 664 998 Waltharius
696 975 730 997 u.
759 966 823 998 153
854 976 889 1008 p.
913 966 934 998 8
961 964 1016 997 ed.
1045 964 1192 1000 Grimm.
1225 966 1263 997 et
1295 962 1526 997 Schmeller.:
1559 964 1682 998 ‘aedi-

149 1009 260 1043 ficare
293 1010 663 1053 domos-cultumque
696 1010 891 1043 intendere
929 1011 1042 1043 ruris’
1205 1011 1398 1043 254—257
1429 1009 1561 1053 ‘plane
1591 1009 1682 1043 mul-

149 1059 225 1089 tum
250 1056 338 1088 mihi
364 1056 584 1088 facetiarum
610 1056 767 1090 contulit
797 1056 884 1088 istic
910 1055 1060 1089 Oratius
1085 1055 1247 1088 Flaccus
1278 1055 1526 1089 memorabilis
1557 1058 1680 1100 poeta,

147 1171 277 1200 VARIA
306 1171 474 1199 LECTIO.

147 1219 324 1266 Apitzius
437 1219 552 1254 notati
582 1209 694 1262 εἴς’
727 1217 774 1266 (et
804 1217 830 1254 4
863 1217 1021 1266 Βιαηα.)
1052 1225 1085 1253 et
1114 1223 1159 1264 cs.
1191 1218 1302 1255 Pers.
1335 1228 1366 1255 s.
1397 1219 1439 1262 5,
1471 1219 1558 1254 1082
1598 1216 1685 1253 ‘ina

98 1281 108 1289 “
147 1275 253 1321 prius
292 1278 410 1319 creta,
449 1286 530 1309 mox
569 1275 657 1309 haec
695 1276 854 1310 carbone
902 1275 1183 1309 notasti‘3'
1221 1273 1371 1311 notandi
1407 1274 1445 1312 D
1473 1285 1491 1312 2
1528 1273 1567 1324 (v
1597 1285 1612 1312 1
1649 1282 1684 1313 et

148 1344 171 1367 ν
202 1344 289 1370 uar.
328 1344 351 1368 r
377 1330 409 1379 2)
446 1345 473 1381 y
507 1331 600 1369 Acr.
641 1344 717 1380 pro
761 1334 1084 1380 interpretatione
1129 1333 1248 1370 schol.
1285 1332 1398 1370 Pers.
1449 1331 1573 1367 ‘creta
1616 1344 1684 1368 no-

147 1389 251 1423 tandi
290 1392 379 1422 sunt
416 1393 458 1422 ut
494 1388 583 1422 boni
621 1389 818 1423 uideantur
863 1400 908 1423 an
947 1390 1106 1423 carbone
1145 1393 1186 1423 ut
1224 1388 1335 1422 mali?
1374 1387 1493 1423 aliter.
1561 1389 1683 1431 Quor-

150 1458 229 1480 sum
270 1446 415 1480 abeant.
462 1445 566 1490 (hab:
605 1447 729 1490 codd.)
768 1446 805 1479 id
845 1450 902 1480 est
938 1446 974 1479 in
1015 1457 1122 1492 quam
1158 1449 1297 1491 partem
1341 1446 1475 1480 abeant
1511 1445 1618 1491 (hab:
1659 1459 1685 1484 ν

148 1503 295 1544 Fran.)
325 1502 485 1536 carbone
506 1506 548 1536 ut
569 1507 744 1537 notentur
766 1503 863 1536 sicut
883 1502 1004 1536 insani
1031 1515 1075 1536 an
1099 1507 1199 1537 creta
1219 1507 1260 1536 ut
1282 1503 1366 1547 (om.
1384 1501 1423 1550 ν)
1444 1503 1526 1537 sani
1547 1501 1683 1551 (insani

151 1558 246 1603 v)?'
260 1559 353 1596 Aer.
435 1558 516 1596 247
538 1557 736 1596 Aedificare
756 1560 862 1609 DEy
881 1555 993 1607 Ppkl
1014 1559 1186 1596 Edificare
1209 1571 1240 1607 φ
1259 1558 1280 1594 λ
1300 1558 1476 1596 Adificare
1495 1565 1531 1607 ψ
1608 1571 1684 1598 cas·

150 1627 207 1653 sas
228 1615 275 1653 Ε
283 1628 364 1662 opp.
385 1611 496 1663 Pplzs
574 1612 766 1666 plostello]
790 1615 945 1665 postella
965 1616 1003 1653 F
1014 1616 1036 1652 λ
1067 1615 1239 1662 (postello
1259 1618 1272 1653 l
1291 1614 1319 1664 1)
1347 1615 1518 1664 plostella
1537 1617 1577 1654 F
1592 1629 1680 1655 uar.

264 1696 376 1731 muris
409 1694 518 1741 Fty
543 1691 666 1745 [Lips.
694 1691 778 1745 pn]
811 1706 934 1730 muros
963 1698 977 1733 l
1007 1706 1128 1732 muros
1158 1696 1276 1744 DEy
1295 1700 1331 1743 ψ
1352 1707 1439 1732 uar.
1461 1695 1483 1732 λ
1512 1707 1618 1733 corr.
1643 1692 1683 1741 ς’

265 1751 346 1789 248
377 1750 538 1788 Laudare
569 1747 608 1788 Ε
635 1765 716 1798 opp.
747 1748 862 1800 Pplzs
955 1753 1059 1801 inpar
1089 1753 1127 1788 F
1143 1751 1184 1800 (l)
1214 1753 1314 1800 Pph.
1345 1753 1426 1812 ipar
1455 1751 1476 1788 λ
1505 1753 1619 1801 impar
1647 1754 1684 1791 D

152 1804 270 1858 Eyg'
291 1809 355 1857 Pf.
445 1808 645 1845 harundine
676 1809 843 1871 ΒΕγψ
853 1807 990 1858 (σῃαῖ)
979 1809 1195 1856 )arundine
1216 1822 1246 1857 φ
1262 1809 1315 1856 λ(
1304 1801 1359 1858 (β
1364 1807 1432 1857 vr)
1520 1808 1601 1847 249
1633 1811 1684 1847 si-

150 1861 278 1916 quem]
303 1862 457 1913 SiquiE
519 1864 674 1902 delectet
689 1859 843 1916 DE'yg'
865 1865 1020 1903 delectat
1036 1862 1118 1902 Ft'
1120 1878 1146 1914 y
1213 1870 1336 1902 uerset
1351 1861 1412 1902 ΩΧ
1425 1865 1509 1913 ς(ει
1521 1863 1684 1915 β)ΡρΙι.’

152 1928 279 1957 uersat
297 1934 323 1969 y
342 1918 483 1971 [Fran.
508 1927 541 1956 et
562 1919 646 1972 alii]
680 1923 802 1959 uincet
823 1923 861 1959 F
877 1934 964 1960 ναν.
1045 1922 1128 1960 250
1148 1922 1184 1958 Si
1204 1923 1240 1959 D
1253 1935 1316 1970 pr.
1335 1935 1359 1972 γ
1377 1933 1390 1959 1
1406 1923 1443 1959 F
1456 1922 1476 1958 λ
1490 1934 1507 1960 2
1523 1921 1562 1972 (ν
1576 1934 1594 1960 2
1608 1935 1633 1972 9
1646 1926 1684 1962 lt

151 1986 184 2014 et
203 1976 266 2027 132
250 1980 410 2015 ‘›.Fran
433 1977 459 2014 4
482 1978 640 2024 Bland.)
661 1974 774 2026 Pplz.'
784 1980 852 2017 Ac.
870 1980 962 2017 Acr.
987 1979 1027 2014 Si
1049 1992 1073 2016 a
1095 1979 1153 2016 Sic
1172 1980 1208 2016 D
1229 1991 1333 2017 corr.
1349 1978 1450 2016 Ελι
1471 1984 1514 2018 ut
1533 1981 1609 2017 uid.
1627 1993 1652 2030 γ
1667 1991 1685 2017 2

151 2042 186 2083 ψ
207 2047 223 2072 2
244 2035 282 2083 (ν
304 2046 317 2072 1
338 2043 361 2071 o·
382 2047 404 2070 r
425 2041 457 2070 et
478 2032 503 2099 β
525 2034 553 2082 1)
583 2035 632 2069 Se
661 2038 712 2073 l2
812 2047 934 2086 puer
927 2036 1023 2074 illius
1054 2048 1077 2085 γ
1108 2049 1189 2083 opp.
1221 2033 1335 2083 Pph!
1354 2031 1515 2084 Porph.'
1529 2038 1597 2073 Ac.

151 2089 226 2143 his]
260 2093 317 2126 bis
347 2093 447 2138 Pph.
478 2091 525 2125 iis
555 2092 621 2139 Pf.
728 2103 808 2129 esse
838 2086 1008 2142 ΙὶΕγλ
1019 2094 1109 2159 Fp.
1131 2104 1212 2130 ras.
1236 2089 1294 2143 (β’
1297 2092 1414 2140 voa)
1441 2093 1554 2141 Porf.
1586 2099 1685 2131 esset

153 2151 190 2186 F
207 2148 257 2198 (9)
291 2142 401 2196 Pph!
426 2153 528 2193 soret
565 2161 587 2184 r
692 2150 835 2186 euincet
865 2150 985 2199 DEy
1002 2145 1041 2185 λ’
1070 2150 1147 2197 (νσ
1164 2163 1187 2187 α
1217 2156 1250 2185 et
1277 2148 1303 2200 β
1326 2161 1435 2187 corr.
1477 2150 1621 2187 euincet
1650 2151 1688 2188 F

149 2203 315 2256 ssuincet
345 2218 366 2242 r
399 2206 517 2242 uincet
547 2206 615 2242 F1
637 2210 679 2242 ut
699 2208 775 2243 uid.
799 2201 870 2255 (β’)
901 2201 1005 2240 vinde
1030 2219 1054 2255 9
1087 2205 1148 2239 ‘Si
1181 2206 1347 2252 optinere
1378 2206 1561 2251 potuerit,
1593 2218 1684 2253 pue-

152 2262 257 2297 rilius
297 2274 381 2296 esse
421 2273 540 2296 amare
577 2273 683 2309 quam
725 2262 872 2307 ludere,
905 2288 913 2296 .
947 2289 955 2296 .
990 2263 1024 2298 ,²
1057 2259 1226 2311 ,Por-ph!
1359 2262 1439 2300 251
1479 2274 1546 2300 nec
1583 2264 1682 2312 quic-

153 2338 278 2391 quam]
318 2340 538 2386 Nequicqufi
575 2354 600 2377 ν
636 2322 790 2386 Neqaeclufi
828 2355 852 2378 a
890 2342 969 2375 Nec
1007 2322 1132 2389 (idquit
1157 2355 1181 2391 9
1295 2342 1439 2379 differre
1470 2342 1599 2392 EyF
1624 2339 1684 2393 (β’

153 2407 175 2433 σ
194 2401 251 2447 91
273 2397 307 2445 r)
337 2398 431 2434 Aer.
462 2400 501 2434 in
532 2409 611 2435 ras.
645 2399 681 2435 D
711 2398 846 2432 diferre
878 2411 901 2435 a
934 2398 1077 2436 deferre
1106 2399 1127 2436 λ
1150 2411 1218 2446 pr.
1336 2400 1519 2436 utrumine
1551 2398 1572 2437 λ,

154 2478 279 2513 trimus
310 2475 346 2514 D
365 2473 506 2513 EFt'
528 2468 567 2520 ς’
605 2461 716 2514 trimls
758 2491 782 2528 y
826 2478 963 2523 primus
1020 2478 1050 2515 V
1091 2479 1214 2513 trimus
1255 2489 1282 2525 y
1314 2474 1525 2529 [Groneia]

154 2533 235 2570 252
266 2530 388 2584 ludas]
429 2533 542 2567 ducas
583 2534 846 2582 Wakefieldus
965 2534 1047 2573 253
1085 2534 1250 2571 Solititus
1277 2536 1320 2571 Ἐ
1430 2532 1572 2586 plores]
1603 2535 1684 2584 plu-

153 2601 211 2626 res
243 2591 281 2627 F
299 2602 365 2639 pr.
397 2603 478 2636 opp.
500 2591 593 2627 Acr.
712 2602 826 2639 quero
858 2592 897 2627 E
999 2592 1190 2630 facinasneq
1211 2592 1249 2628 Ε
1275 2591 1438 2626 faciesne
1469 2604 1494 2628 a
1601 2590 1684 2629 254

154 2647 309 2683 Motatus
340 2648 379 2683 Ε
405 2659 486 2694 opp.
520 2640 630 2694 ΡΜ(
662 2648 808 2684 Fronto
909 2648 1079 2696 polemon
1109 2641 1171 2684 9!
1198 2644 1328 2697 (13'69
1346 2645 1378 2695 r)
1409 2648 1509 2696 Pph.
1537 2649 1683 2696 Porpk.

155 2703 321 2741 Acronzs
351 2705 458 2741 codd.
476 2717 513 2752 y
543 2705 679 2740 Bamb.
711 2705 834 2741 Fran.
868 2706 1015 2742 Fronto
1050 2707 1214 2751 polemon
1253 2710 1298 2741 a·
1314 2705 1481 2753 palemon
1511 2705 1547 2741 D
1579 2716 1683 2742 corr.

155 2758 194 2805 (ν
223 2766 257 2794 et
285 2759 311 2809 β
342 2759 463 2807 corr.)
501 2761 567 2808 Pf.
599 2759 712 2808 Porf.
742 2761 835 2798 Aer.
868 2763 976 2798 codd
1007 2774 1031 2810 γ
1067 2763 1191 2799 Fran.
1231 2763 1298 2798 alt.
1340 2763 1367 2798 l.
1397 2761 1543 2796 Polemo
1572 2762 1684 2799 Lam-

158 2839 268 2875 binus
367 2836 500 2889 ponas]
532 2851 666 2888 poenas
697 2840 738 2876 F
755 2851 824 2887 pr.
854 2841 1064 2878 Frontonis
1095 2842 1176 2878 cod.
1209 2811 1326 2887 {lonas
1357 2842 1369 2877 ἰ
