1890 3106
790 171 857 198 vv.
889 167 1026 195 357—376
1586 171 1589 175 ·
1600 150 1685 193 369

258 283 399 324 iudicis
431 287 614 335 argutum
646 294 746 335 quae
778 293 858 322 non
890 279 1078 322 formidat
1108 292 1294 325 acumen;

254 358 354 398 haec
383 357 533 410 placuit
562 356 704 403 semel,
738 356 837 397 haec
867 355 1030 396 deciens
1060 356 1230 408 repetita
1262 352 1448 407 placebit.
1614 358 1681 391 365

256 445 280 472 o
309 432 437 472 maior
465 432 676 477 iuuenum,
710 430 893 483 quamuis
924 435 963 470 et
991 442 1093 470 uoce
1123 434 1289 482 paterna

259 507 421 558 fingeris
452 505 502 546 ad
532 510 685 545 rectum
719 511 758 545 et
786 517 860 558 per
890 510 929 545 te
960 505 1085 557 sapis,
1123 503 1200 543 hoc
1231 502 1301 543 tibi
1332 502 1482 544 dictum

258 579 351 620 tolle
381 592 548 627 memor,
581 581 700 620 certis
731 579 906 619 medium
939 582 977 619 et
1006 577 1216 619 tolerabile
1246 577 1370 618 rebus

260 659 370 695 recte
401 654 585 700 concedi:
618 654 825 694 consultus
855 653 953 694 iuris
984 657 1024 693 et
1052 658 1164 694 actor

257 741 466 769 causarum
497 728 712 769 mediocris
743 727 855 768 abest
885 728 1034 768 uirtute
1065 727 1203 768 diserti
1622 732 1690 764 370

259 802 485 849 Messallae,
518 815 593 843 nec
625 803 700 843 scit
729 811 920 856 quantum
954 800 1168 843 Cascellius
1198 800 1338 849 Aulus,

258 877 327 918 sed
358 883 492 918 tamen
524 878 565 916 in
599 877 726 929 pretio
757 881 835 917 est:
870 875 1141 917 mediocribus
1171 887 1257 916 esse
1288 876 1420 929 poetis

261 964 341 992 non
372 951 574 998 homines,
608 963 687 991 non
719 951 778 997 di,
810 962 891 991 non
923 963 1162 991 concessere
1193 949 1415 991 columnae.

260 1032 304 1066 ut
335 1031 468 1078 gratas
498 1027 604 1066 inter
635 1037 793 1066 mensas
823 1025 1059 1079 symphonia
1092 1025 1246 1066 discors

259 1105 299 1140 et
329 1112 508 1141 crassum
538 1106 786 1152 unguentum
820 1106 859 1140 et
889 1100 1016 1140 Sardo
1047 1113 1137 1140 cum
1168 1099 1287 1140 melle
1319 1112 1492 1153 papauer
1623 1104 1691 1137 375

262 1174 488 1221 offendunt,
520 1179 676 1227 poterat
707 1174 797 1215 duci
829 1175 919 1226 quia
951 1186 1048 1215 cena
1079 1175 1165 1215 sine
1196 1175 1303 1214 istis:

146 1301 418 1330 TESTIMONIA.

258 1356 326 1389 364
349 1355 484 1389 Petrus
510 1356 762 1390 Pictauiensis
795 1356 905 1399 epist.
931 1355 980 1389 ad
1008 1356 1159 1390 Petrum
1185 1356 1470 1390 Cluniacensem
1503 1354 1692 1401 [biblioth.

148 1400 316 1435 Cluniae.
344 1401 400 1435 ed.
427 1401 585 1434 Marrier
614 1413 649 1445 p.
675 1400 779 1445 617c]
912 1403 979 1435 365
1004 1402 1225 1446 florilegium
1250 1403 1368 1437 Paris.
1394 1403 1507 1435 8818ει
1530 1402 1694 1436 Vincen-

144 1447 218 1480 tius
242 1446 520 1480 Bellouacensis
546 1447 688 1490 specul.
715 1447 846 1481 histor.
873 1447 945 1481 VII
969 1448 1012 1481 67
1108 1459 1169 1481 uu.
1195 1449 1388 1482 372-380
1415 1447 1699 1485 ‘Mediocribus

149 1510 193 1516 --
218 1492 397 1536 quiescit’
423 1492 531 1528 fioril.
555 1493 789 1526 Nostradam.
934 1495 1001 1527 375
1027 1493 1166 1527 ‘Sardo
1191 1511 1235 1517 -
1259 1496 1446 1537 papauer’
1474 1493 1694 1536 florilegium

146 1538 332 1572 Cusanum
358 1538 386 1571 C
405 1540 448 1571 14
542 1540 608 1573 376
633 1539 855 1573 Vincentius
880 1538 1159 1573 Bellouacensis
1184 1539 1208 1575 l.
1234 1539 1259 1574 l.

143 1643 272 1672 VARIA
301 1643 470 1671 LEGTIO.

261 1714 298 1739 u.
332 1700 415 1739 364
444 1708 524 1748 post
554 1714 592 1739 u.
617 1700 698 1739 365
727 1703 828 1748 ponit
857 1703 1044 1740 Lehrsius
1147 1701 1229 1740 364
1262 1713 1352 1751 quae
1385 1700 1478 1754 non]
1513 1714 1693 1750 nusquam

131 1758 287 1795 Petrus
316 1758 415 1796 Piet.
541 1758 622 1797 365
653 1758 725 1792 Hic
748 1785 756 1793 .
782 1785 790 1794 .
815 1786 825 1796 .
850 1760 907 1793 hic
939 1758 1112 1797 Vz'neent.
1202 1759 1349 1797 deciens
1372 1761 1408 1797 Β
1438 1761 1557 1798 decies
1589 1757 1693 1798 cett!

146 1811 203 1858 ς”
232 1817 320 1863 flor.
356 1816 485 1860 Nostr.
516 1816 619 1853 omis.
651 1828 675 1852 u
703 1827 765 1863 pr.
798 1816 916 1851 deties
945 1818 1033 1865 flor.
1054 1816 1149 1854 Par.
1173 1816 1315 1854 88182
1432 1817 1513 1856 368
1546 1817 1695 1855 tollera-

146 1871 217 1908 bile
237 1885 261 1922 γ
281 1871 302 1907 λ
323 1884 361 1908 α.
385 1882 469 1909 ras.
490 1871 525 1921 (τ
546 1885 584 1910 α.
608 1883 690 1910 ras.
714 1879 747 1908 et
767 1873 871 1922 lips.
896 1886 933 1910 α.
957 1873 1055 1920 ras.)
1145 1873 1226 1911 369
1249 1874 1413 1912 concedi.
1442 1879 1479 1909 et
1499 1875 1694 1910 consultus

145 1929 354 1967 Lambinus
455 1929 622 1967 concedit
652 1929 690 1966 B
793 1930 972 1968 consultis
1005 1931 1042 1967 Β
1140 1935 1269 1968 auctor
1299 1944 1325 1969 u
1355 1937 1483 1969 auctor
1513 1932 1551 1968 B
1571 1928 1647 1980 (β’)
1667 1945 1693 1981 y

147 1991 248 2023 actor
278 1981 431 2030 eettle'
547 1986 632 2025 370
662 1986 797 2024 deserti
824 1988 860 2024 B
977 1987 1058 2026 371
1092 1987 1292 2022 Messallae
1321 2001 1348 2036 y
1371 1984 1626 2039 [Taurinam.
1655 2001 1692 2026 a.

146 2038 249 2093 ras.]
281 2043 392 2091 Porf.
423 2043 608 2080 Messaliae
638 2045 676 2081 F
692 2040 716 2080 ὃ
736 2055 749 2081 1
770 2057 796 2082 u
826 2044 992 2082 Mesaliae
1023 2036 1065 2080 λ’
1085 2040 1162 2093 (π’)
1193 2044 1366 2082 Messalae
1395 2058 1419 2095 γ
1443 2043 1475 2082 C
1500 2051 1541 2083 ut
1571 2047 1650 2084 uid.
1673 2043 1697 2081 δ

142 2109 183 2148 p.
205 2111 287 2138 ras.
310 2099 348 2148 (v
369 2108 393 2136 6
414 2112 434 2136 τ
455 2113 479 2138 α
500 2113 523 2137 r
543 2112 559 2138 2
579 2113 673 2137 cons.
695 2097 754 2150 β’)
784 2102 877 2139 Aer.
910 2101 1057 2150 Porplz.
1089 2101 1241 2138 Mesalae
1272 2103 1309 2139 B
1330 2102 1351 2138 λ
1372 2115 1461 2140 uar.
1494 2101 1530 2150 (r
1551 2102 1601 2151 1),·
1633 2104 1645 2124 ς
1659 2104 1695 2140 ai

145 2157 196 2194 lib
229 2157 383 2206 Mesalq'
413 2158 455 2200 λ,-
492 2159 604 2195 secuti
629 2171 750 2194 sumus
781 2164 870 2196 aeta
910 2159 1092 2207 triumph.
1127 2159 1343 2206 Capitolina
1375 2172 1412 2197 α.
1448 2160 1544 2207 727,
1586 2166 1620 2195 ct
1648 2161 1696 2196 sic

144 2215 376 2263 intellegitur,
410 2217 505 2250 unde
534 2221 616 2251 orta
645 2216 689 2252 sit
718 2217 818 2252 lectio
850 2218 960 2254 codd.
983 2216 1021 2253 F
1037 2208 1079 2253 λ’
1095 2212 1118 2252 ὃ
1139 2229 1164 2253 u
1186 2213 1262 2264 (π’)
1349 2228 1416 2254 nec
1443 2218 1512 2254 scit
1534 2217 1571 2254 B
1587 2229 1614 2265 y
1637 2213 1701 2268 [V

148 2271 481 2319 Montepessulan.
515 2279 548 2308 et
578 2274 645 2312 alt.
678 2270 841 2325 Bland.]
875 2274 994 2311 nescit
1024 2268 1192 2317 cett.'c;''
1221 2272 1269 2322 (et
1291 2273 1314 2311 2
1338 2270 1501 2324 Βίαντά.)
1534 2279 1694 2313 tractat.

158 2328 364 2367 Vindobon.
386 2331 452 2367 alt.
473 2331 578 2376 loco,
604 2331 670 2369 alt.
702 2330 824 2364 miscit
851 2333 1019 2366 mendose
1110 2330 1297 2368 cascellius
1318 2344 1343 2381 γ
1365 2331 1395 2369 0
1412 2332 1451 2368 F
1468 2323 1531 2368 λ’1
1553 2327 1576 2367 ὃ
1595 2332 1690 2369 Aer.

149 2386 314 2423 casellius
345 2399 370 2424 u
393 2385 413 2422 λ
430 2397 446 2423 2
467 2391 509 2424 ut
529 2387 606 2424 uid.
638 2387 822 2424 castellius
843 2389 880 2424 B
980 2392 1110 2426 utrum
1141 2399 1250 2425 ausus
1282 2401 1334 2426 an
1364 2400 1474 2425 aurus
1496 2387 1534 2424 B
1553 2390 1695 2427 habeat

148 2455 224 2480 non
253 2445 390 2492 liquet,
424 2446 527 2482 aulus
560 2444 599 2481 C.
633 2443 751 2478 AVLI
773 2444 1040 2479 CASCELLII
1069 2447 1110 2482 in
1130 2446 1447 2494 inscriptionibus
1466 2447 1697 2493 reperiuntur

262 2501 343 2538 373
375 2500 459 2534 Non
492 2501 563 2547 dii,
596 2512 668 2536 non
700 2501 864 2536 homines
893 2515 920 2551 y
942 2513 973 2538 ω
1001 2514 1083 2549 opp.
1107 2507 1267 2540 tractat.
1303 2503 1508 2541 Vindobon.
1527 2506 1694 2553 florileg).

151 2602 281 2640 Nostr.
351 2587 407 2637 ‘di
436 2616 461 2652 y
484 2600 551 2654 [π]
584 2603 632 2640 dii
661 2599 779 2647 ,Ω’ς’
799 2605 887 2652 flor.
911 2604 1043 2642 Nostr.
1133 2573 1275 2642 cce‘slsere
1306 2618 1337 2654 φ
1425 2606 1584 2656 colunne
1613 2619 1659 2657 u,

150 2658 232 2697 374
263 2661 375 2709 gratis
405 2673 429 2710 γ
452 2671 463 2697 ι
488 2661 524 2697 Β
544 2660 578 2709 (τ
598 2673 662 2709 pr.
685 2666 727 2698 ut
748 2660 842 2709 uid.)
873 2667 995 2710 gretas
1019 2658 1044 2698 δ
1062 2673 1125 2710 pr.
1158 2666 1279 2712 gratas
1311 2656 1413 2700 cett.'
1442 2667 1569 2708 grates
1598 2665 1691 2713 flor.

149 2716 280 2754 Nostr.
311 2729 374 2765 pr.
493 2718 695 2767 simphonia
726 2719 763 2755 Β
784 2713 807 2753 ὃ
827 2730 853 2755 u
975 2718 1096 2756 dicors
1126 2731 1151 2769 γ
1173 2729 1185 2756 1
1216 2713 1255 2755 λ’
1276 2719 1311 2767 (τ
1333 2730 1346 2756 1
1376 2724 1446 2757 aut
1470 2719 1552 2768 pr.)

150 2773 231 2811 375
264 2785 428 2823 grassum
458 2787 483 2825 γ
570 2781 797 2824 unguentum
816 2769 925 2819 sz'e'
946 2774 995 2823 (et
1015 2775 1058 2824 π)
1085 2777 1250 2824 florileg).
1274 2777 1457 2814 Nostrad.
1491 2781 1695 2823 ungentum

151 2838 174 2865 σ
201 2829 249 2878 (et
279 2830 397 2879 Lips.)
429 2836 628 2877 ungentum
659 2845 681 2869 r
796 2828 852 2882 et]
887 2835 990 2870 omis.
1013 2845 1039 2870 u
1164 2832 1246 2870 376
1279 2833 1362 2870 duci
1393 2839 1540 2883 poterat
1566 2847 1592 2873 u
1629 2848 1695 2885 po-

154 2892 269 2934 terat,
301 2899 372 2925 om.
404 2888 498 2936 duci,
523 2890 559 2926 B
588 2894 732 2938 poterat
763 2889 845 2927 duci
876 2885 980 2927 cett!
998 2891 1165 2938 florileg).
1190 2889 1440 2928 Nostradam.
1473 2891 1695 2931 Vincentius

232 2974 421 2999 notumve
440 2975 471 2997 11
488 2973 515 2998 2.
1446 2969 1490 3001 24
