1930 3094
54 309 125 335 liber
141 309 224 334 arche

87 347 175 377 typus
194 343 231 369 A'

91 523 181 549 codex
201 523 229 548 1)

79 850 190 876 codices
209 857 226 877 ‘t

117 888 144 910 et
166 893 183 910 r

52 1258 122 1284 liber
139 1258 232 1284 arche-

83 1297 170 1327 typus
188 1292 225 1318 D'

81 1339 171 1363 codex
190 1338 219 1364 Ε

77 1726 206 1759 {sagmen

105 1764 164 1785 lum
182 1768 197 1785 c

46 2053 118 2079 liber
135 2054 229 2079 arche-

82 2092 170 2122 typus
191 2084 227 2112 E'

78 2348 168 2374 codex
189 2347 216 2373 B

79 2897 169 2924 codex
190 2897 212 2923 0

258 203 274 227 l
281 202 301 228 V
903 200 1091 226 PRAEFAT
1096 199 1138 226 10

255 312 373 352 ambo
413 313 574 351 codices
622 313 710 350 siue
749 312 883 363 potius
924 311 1193 364 archetypum
1232 313 1351 364 signo
1393 303 1450 350 A‘*
1485 312 1786 352 denotauimus:

258 393 379 432 quem
411 380 446 418 si
475 380 647 432 septimo
679 385 773 430 post
805 377 1013 418 Christum
1043 393 1084 418 n.
1116 379 1281 419 saeculo
1313 380 1646 433 adscripserimus
1674 381 1787 420 haud

256 461 355 487 sane
387 449 506 486 nimis
537 448 719 486 anticum
749 446 1065 487 aestimabimus.

374 514 416 565 2)
440 516 475 552 D
490 533 546 546 =
563 515 694 553 codex
714 514 1079 567 Argentoratensis
1101 522 1200 554 nota
1218 515 1250 555 G
1268 516 1351 555 VJr.
1370 517 1392 554 7
1415 517 1634 567 insignitus
1655 515 1788 556 codex

256 589 424 635 propter
460 584 659 622 lectiones
692 583 887 634 optimus,
930 583 1093 621 saeculo
1133 584 1304 622 ineunte
1346 584 1502 623 decimo
1533 584 1578 622 ni
1608 583 1786 623 fallimur

256 651 473 699 oriundus,
507 652 620 690 cuius
652 650 911 702 grauissimas
941 650 1140 689 lectiones
1172 651 1225 690 ad
1255 653 1436 691 carmina
1466 652 1712 703 pertinentis
1742 652 1808 694 in,

254 720 374 770 primi
403 719 625 758 uoluminis
656 718 888 770 appendice
918 719 1198 770 supplementi
1226 719 1316 758 loco
1348 719 1615 759 exhibuimus.
1647 719 1696 758 F.
1717 719 1785 758 W.

253 787 566 838 Bergmanni
600 801 640 825 u.
673 787 721 828 cl.
759 786 1044 825 beniuolentia
1080 786 1210 825 adiuti
1250 787 1357 826 domi
1396 801 1488 826 eum
1525 788 1605 840 ipsi
1644 792 1784 826 contu-

252 855 385 894 limus.
445 869 536 894 cum
574 854 783 893 codicibus
820 867 841 891 τ
878 851 939 903 (id
978 854 1088 906 quod
1134 869 1185 894 ex
1221 855 1430 894 uolumine
1471 855 1493 893 I
1538 868 1787 907 cognoscere

252 921 364 974 licet)
399 929 439 962 et
469 937 491 960 r
528 923 709 975 proxime
740 927 938 973 cognatus
970 927 1053 970 est,
1095 923 1153 960 ita
1182 929 1339 970 tamen,
1379 929 1425 961 ut
1465 936 1554 961 cum
1591 936 1613 960 r
1650 922 1786 962 minus

252 1000 339 1030 arte
370 992 423 1030 sit
461 996 681 1042 cognatus3
722 1003 892 1041 cumque
923 991 959 1027 D
990 1011 1043 1016 ——
1074 991 1256 1028 carmina
1294 991 1329 1029 si
1368 990 1577 1042 exceperis
1611 1012 1660 1018 -—
1702 990 1784 1029 nisi

251 1059 294 1097 in
325 1058 580 1097 sermonibus
611 1063 652 1096 et
683 1057 937 1109 paucissimis
969 1058 1236 1109 epistularum
1257 1058 1357 1097 locis
1386 1058 1511 1110 plane
1543 1072 1626 1097 non
1659 1063 1782 1107 extet,

250 1127 294 1164 in
325 1132 413 1165 arte
444 1127 606 1178 poetica
636 1131 772 1164 autem
803 1125 927 1177 plane
958 1125 1137 1174 deficiat,
1171 1139 1191 1163 τ
1221 1131 1362 1165 contra
1392 1126 1436 1164 in
1457 1124 1712 1165 sermonibus
1745 1131 1786 1164 et

251 1194 438 1246 epistulis
478 1207 642 1246 prorsus
685 1193 847 1232 deficiat
884 1199 924 1232 et
963 1193 1007 1231 in
1045 1181 1136 1232 sola'
1171 1199 1257 1232 arte
1296 1195 1460 1245 poetica
1497 1198 1631 1244 extet,
1680 1193 1786 1233 liber

254 1262 502 1314 archetypus
535 1258 590 1299 D‘
621 1262 802 1300 construi
832 1261 903 1300 uix
932 1266 1106 1313 poterat.

366 1328 409 1380 3)
443 1332 481 1367 E
508 1343 602 1381 pars
633 1330 763 1369 altera
793 1329 944 1368 codicis
976 1343 1026 1368 ex
1058 1329 1215 1368 duobus
1248 1330 1420 1369 diuersis
1441 1329 1651 1382 quondam
1668 1327 1784 1372 libris

249 1412 372 1437 manu
402 1398 564 1449 scriptis
595 1398 826 1449 compositi,
859 1397 1015 1436 saeculi
1041 1386 1128 1446 ᾖ,
1161 1398 1327 1436 oriundi
1355 1412 1406 1437 ex
1434 1397 1632 1437 coenobio
1652 1398 1786 1437 sancti

249 1466 536 1504 Emmerammi
556 1465 864 1512 Ratisbonensi,
889 1479 999 1503 nunc
1021 1465 1295 1513 Monacensis,
1327 1467 1480 1518 signati
1507 1465 1598 1505 Lat.
1632 1463 1782 1505 14685.

249 1547 370 1586 quem
400 1533 581 1572 codicem
613 1533 756 1572 eadem
787 1534 946 1572 ratione
978 1546 1058 1584 qua
1097 1533 1308 1585 quondam
1337 1534 1666 1586 Porphyrionem
1695 1533 1782 1573 Mo-

249 1614 470 1640 nacensem
508 1601 650 1639 nancti
689 1596 761 1651 (ef.
801 1600 883 1638 uol.
915 1600 936 1638 I
974 1601 1100 1652 praef.
1133 1614 1173 1652 p.
1204 1599 1336 1653 XIII)
1380 1601 1487 1640 domi
1523 1602 1782 1641 contulimus.

250 1682 341 1708 cum
371 1669 448 1707 hoc
478 1669 601 1716 libro,
635 1669 748 1707 cuius
778 1668 979 1707 lectiones
1010 1668 1063 1706 ad
1093 1669 1256 1707 modum
1278 1668 1560 1708 memorabiles
1589 1674 1697 1717 sunt,
1730 1669 1783 1708 ad

250 1737 422 1775 uerbum
459 1736 546 1775 fere
588 1737 795 1775 consentit
831 1735 1105 1787 fragmentum
1138 1731 1196 1788 (e)
1235 1737 1277 1774 in
1315 1736 1579 1789 bybliotheca.
1618 1736 1784 1789 publica

251 1804 556 1856 Stutgardiensi
587 1803 848 1842 adseruatum
880 1804 938 1842 nil
969 1804 1047 1842 nisi
1077 1810 1240 1843 saturae
1271 1804 1427 1856 primae
1449 1817 1594 1843 uersus
1623 1810 1783 1844 sextum

250 1872 303 1911 ad
337 1873 527 1910 117mum
558 1871 830 1923 complectens
869 1872 1021 1910 saeculi
1055 1872 1262 1910 undecimi
1302 1872 1598 1912 duodecimiue.
1643 1874 1779 1925 signa-

249 1945 334 1978 tum
367 1946 428 1979 cst
459 1944 593 1978 autem
624 1945 722 1978 nota
753 1953 845 1978 mss.
878 1945 988 1991 poet.
1021 1945 1062 1978 et
1092 1939 1192 1991 phil.
1224 1940 1276 1978 53
1301 1938 1404 1991 (47).
1444 1939 1708 1992 Stutgardiae
1738 1938 1780 1979 id

248 2009 327 2059 ipsi
359 2008 618 2046 contulimus.
667 2007 816 2059 quibus
845 2008 947 2046 locis
978 2007 1137 2046 codices
1159 2008 1269 2046 inter
1297 2021 1342 2046 se
1369 2009 1632 2047 consentiunt
1661 2009 1780 2060 signo

253 2069 304 2112 E'
337 2074 734 2126 comprehendimus.
777 2075 887 2126 quod
918 2075 1046 2126 siquis
1077 2075 1187 2114 hunc
1216 2075 1363 2114 librum
1394 2075 1663 2128 archetypum
1692 2089 1779 2114 sae-

249 2143 339 2181 culo
371 2148 515 2182 octauo
547 2156 712 2181 nonoue
752 2148 792 2181 et
823 2141 1069 2182 Germaniae
1099 2143 1360 2182 meridionali
1390 2143 1671 2195 adscripserit,
1711 2145 1781 2182 uix

248 2211 428 2250 falletur.

361 2279 451 2318 Nec
489 2278 542 2317 ad
581 2279 754 2317 alterum
791 2278 977 2317 codicum
1015 2291 1145 2330 genus
1184 2280 1297 2318 cuius
1329 2280 1543 2330 primarius
1573 2279 1688 2318 testis
1719 2285 1780 2318 est

247 2347 472 2385 Bernensis
508 2347 807 2385 uetustissimus
846 2347 999 2385 saeculi
1036 2347 1340 2386 VIII—VIIII
1378 2344 1450 2399 (B)
1491 2347 1587 2385 olim
1622 2346 1778 2386 Floria-

249 2415 404 2462 censis,
445 2426 567 2466 quem
597 2415 638 2452 in
669 2414 880 2452 uolumine
917 2414 962 2452 II
992 2414 1312 2454 Hermannus
1350 2415 1607 2454 Vsenerus
1651 2414 1778 2453 Her-

245 2495 458 2521 mannus
495 2482 761 2532 Hagenius
799 2482 850 2520 E.
881 2482 1133 2521 Kurtzius
1171 2483 1215 2520 in
1251 2495 1371 2521 usum
1409 2487 1591 2521 nostrum
1629 2481 1777 2522 libera-

244 2549 398 2588 lissime
420 2549 694 2597 contulerunt,
730 2550 863 2588 defuit
884 2563 1036 2588 nouom
1055 2549 1292 2598 subsidium,
1325 2549 1435 2601 quod
1458 2550 1568 2588 domi
1591 2549 1779 2589 conferre

244 2617 372 2657 licuit.
423 2617 686 2656 Monacensis
718 2618 827 2656 enim
857 2630 977 2669 quem
1011 2618 1132 2657 modo
1162 2618 1418 2657 laudauimus
1452 2617 1588 2657 14685
1620 2616 1777 2656 duabus

246 2685 429 2734 partibus
460 2698 627 2736 prorsus
658 2685 767 2722 inter
796 2698 841 2724 se
873 2685 1047 2724 diuersis
1078 2685 1267 2724 manibus
1297 2685 1460 2737 scriptis
1491 2690 1672 2724 constat:
1706 2685 1779 2723 illa

246 2764 339 2801 pars
380 2765 485 2803 quae
523 2752 642 2803 signo
675 2754 713 2789 E
740 2767 764 2790 a
804 2751 922 2790 nobis
953 2759 1094 2792 notata
1125 2759 1206 2801 est,
1246 2753 1374 2804 primo
1413 2753 1549 2791 ordini
1579 2751 1778 2792 adhaeret

246 2824 287 2855 et
324 2832 413 2857 cum
451 2819 659 2858 codicibus
697 2822 791 2871 ADy
829 2821 1086 2871 cognationis
1126 2821 1303 2872 quodam
1345 2819 1512 2859 uinculo
1558 2821 1776 2859 coniuncta

250 2892 329 2935 est,
371 2886 499 2925 altera
540 2894 675 2925 autem
706 2901 826 2939 quam
858 2888 887 2924 C
915 2889 1241 2940 nuncupauimus
1279 2889 1421 2926 mirum
1455 2892 1656 2939 quantum
1685 2901 1776 2927 cum
