1890 3106
218 135 302 177 300
739 148 899 176 nonan
929 148 1224 177 nrxs'rvnanvm

331 261 420 313 plus
452 261 604 306 oneris,
638 264 783 310 quanto
816 260 956 299 ueniae
987 260 1130 299 minus.
1192 260 1345 312 aspice,
1378 259 1540 300 Plautus
1682 267 1748 299 1‘10

331 347 408 386 quo
439 339 554 386 pacto
586 334 710 385 partis
741 337 889 373 tutetur
920 335 1090 374 amantis
1120 333 1283 386 ephebi,

332 413 374 446 ut
405 407 525 458 patris
557 408 716 452 attenti,
750 406 905 446 lenonis
935 411 978 446 ut
1006 406 1204 453 insidiosi,

331 486 501 533 quantus
531 482 581 520 sit
611 481 841 520 Dossennus
873 479 1060 521 edacibus
1089 481 1131 520 in
1161 482 1366 533 parasitis.¹

332 566 449 605 quam
481 566 561 593 non
592 554 781 594 adstricto
811 560 1019 607 percurrat
1050 554 1199 607 pulpita
1229 567 1365 594 socco:

331 630 447 680 gestit
477 629 582 667 enim
614 639 819 668 nummum
850 629 892 667 in
922 627 1073 668 loculos
1104 628 1332 675 demittere,
1364 633 1454 680 post
1483 627 1560 667 hoc
1683 633 1748 665 175

332 714 499 742 securus
530 701 643 742 cadat
674 714 723 741 an
754 706 864 742 recto
895 706 973 742 stet
1002 701 1134 742 fabula
1166 700 1258 741 talo.

331 788 447 828 quem
482 775 571 815 tulit
600 775 649 815 ad
678 787 861 815 scaenam
892 781 1059 815 uentoso
1090 774 1223 815 Gloria
1254 788 1391 821 curru,

332 850 532 889 exanimat
562 848 693 888 lentus
723 853 943 901 spectator,
967 848 1135 894 *sedulus
1164 848 1275 888 inflat

330 923 402 971 (sic
432 921 542 968 leue,
574 923 629 962 sic
659 921 912 974 *paruomst,
946 922 1119 962 animum
1153 922 1257 974 quod
1288 922 1415 963 laudis
1444 934 1607 963 auarum

329 995 489 1036 subruit
518 1002 585 1035 aut
614 996 775 1048 reficit):
808 995 940 1036 ualeat
968 1008 1035 1036 res
1064 995 1233 1042 ludicra,
1264 997 1297 1036 si
1327 1008 1390 1036 me
1684 1001 1750 1034 180

217 1133 488 1162 TESTIMONIA.

309 1189 500 1221 170-173
525 1188 676 1221 Ioannis
701 1188 871 1222 Cottonis
902 1188 1043 1221 musica
1069 1190 1112 1222 18
1137 1186 1321 1232 [Gerbert.
1351 1188 1389 1222 11
1413 1199 1448 1232 p.
1472 1185 1574 1233 253]=
1605 1191 1750 1231 ‘quem-

217 1232 410 1267 admodum
440 1234 535 1266 enim
561 1233 833 1267 comoediarum
857 1235 1033 1277 scriptor,
1065 1234 1097 1267 si
1127 1238 1254 1277 partes
1278 1234 1425 1267 iuuenis
1455 1234 1538 1267 seni
1559 1233 1621 1267 uel
1644 1233 1749 1267 luxu—

216 1278 305 1312 riosi
329 1289 445 1312 auaro
468 1279 720 1321 mandauerit,
747 1279 886 1313 derisui
911 1279 1100 1318 subiacet,
1127 1279 1256 1322 quales
1281 1279 1378 1323 apud
1401 1279 1579 1312 Flaccum
1593 1279 1750 1312 Plautus

218 1327 256 1356 et
278 1324 493 1357 Dorsennus
517 1324 759 1363 inducuntur,
789 1325 843 1357 ita
872 1324 1090 1368 reprehendi
1120 1328 1244 1368 potest
1267 1324 1491 1366 modulator,
1521 1325 1554 1359 si
1583 1325 1623 1357 in
1652 1324 1750 1358 tristi

217 1370 373 1403 materia
397 1369 590 1403 salientem
613 1369 757 1403 modum
775 1369 987 1403 adduxerit’
1083 1372 1147 1403 174
1165 1371 1214 1407 cf.
1230 1370 1413 1404 Ausonius
1436 1369 1546 1412 edyll.
1563 1371 1596 1408 4,
1613 1370 1658 1404 58
1673 1379 1750 1413 sq.:

218 1418 281 1447 ‘tu
306 1425 450 1458 quoque
469 1415 531 1458 qui
546 1416 696 1448 Latium
711 1415 811 1449 lecto
829 1426 993 1449 sermone
1011 1416 1165 1449 Terenti
1191 1416 1305 1448 comis
1325 1418 1364 1448 et
1387 1415 1540 1449 astricto
1565 1415 1749 1459 percurris

217 1460 362 1504 pulpita
387 1463 516 1494 socco’
617 1462 682 1494 176
706 1461 752 1494 cf.
774 1462 924 1494 Persius
949 1463 985 1498 5,
1012 1463 1077 1495 104
1100 1472 1170 1504 sq.:
1207 1461 1291 1493 ‘tibi
1313 1465 1414 1494 recto
1438 1461 1564 1494 uiuere
1587 1460 1664 1493 talo
1688 1470 1750 1493 ars

218 1505 365 1540 dedit?²
496 1507 608 1539 177—
623 1508 684 1540 181
711 1506 865 1550 florileg.
884 1506 1118 1541 Nostradam.
1249 1508 1313 1540 177
1339 1506 1386 1539 cf.
1405 1505 1548 1539 Statius
1573 1506 1689 1539 Theb.
1714 1506 1748 1539 X

219 1553 282 1584 711
303 1561 371 1594 sq.:
399 1551 514 1584 ‘haec
538 1552 679 1594 pietas,
706 1551 766 1584 hic
790 1562 900 1584 uerus
917 1552 1051 1594 honos,
1076 1552 1128 1585 ibi
1153 1552 1302 1594 gloria
1327 1554 1469 1584 tantum
1494 1553 1749 1584 uentosum-

219 1606 300 1640 que
326 1596 463 1630 decus
488 1596 663 1639 titulique
689 1599 724 1629 in
755 1600 872 1630 morte
903 1596 1087 1630 latentes’
1241 1597 1306 1630 180
1330 1596 1498 1629 ‘ualeat’
1522 1596 1661 1630 incerti
1685 1606 1748 1629 ex-

216 1644 343 1685 cerpta
367 1652 518 1684 gramm.
542 1642 562 1682 §
587 1643 631 1675 67
655 1652 690 1685 p.
715 1643 780 1674 211

216 1746 346 1774 VARIA
372 1746 541 1773 LEG'rIo.

335 1802 416 1841 170
446 1803 592 1840 honeris
624 1804 663 1840 E
680 1814 696 1839 ε
716 1814 733 1840 2
819 1803 938 1852 aspice
967 1797 1089 1847 „5223”
1198 1803 1275 1840 171
1308 1804 1421 1852 partis
1453 1803 1490 1841 E
1506 1817 1517 1839 1
1536 1798 1649 1852 Pph!
1668 1813 1748 1852 par-

221 1865 273 1896 tes
305 1855 472 1902 cett.'s·''
579 1859 709 1909 ephebi
738 1860 777 1897 F
906 1859 984 1896 172
1016 1860 1144 1896 attenti
1175 1860 1213 1896 E
1229 1872 1253 1908 γ
1274 1855 1368 1908 (πίῖ
1388 1873 1412 1897 α
1431 1872 1456 1909 9
1477 1873 1499 1896 r
1517 1859 1558 1908 v)
1588 1861 1700 1898 atenti
1730 1871 1748 1896 ε

216 1915 259 1964 (d
278 1921 313 1954 et
335 1915 474 1964 Fran.)
505 1915 641 1954 adtenti
672 1917 710 1953 F
730 1912 769 1952 λ’
791 1915 838 1964 (ct
857 1914 898 1966 β)
992 1915 1133 1965 lenonis
1154 1917 1192 1953 F
1218 1916 1391 1952 laemonis
1421 1919 1435 1954 l
1522 1913 1580 1968 ut]
1613 1923 1650 1954 et
1678 1929 1702 1966 y
1720 1928 1747 1965 y

331 1985 368 2010 u.
395 1973 473 2010 173
502 1979 582 2020 post
603 1986 639 2010 u.
664 1972 744 2010 174
764 1986 848 2020 pon.
869 1986 896 2022 9
918 1968 1246 2024 [Montepessul.],
1277 1980 1356 2020 post
1375 1985 1413 2010 u.
1434 1973 1487 2011 56
1507 1974 1692 2011 Lehrsius

221 2030 299 2067 173
331 2029 535 2066 dossennus
567 2030 606 2067 E
632 2042 734 2068 corr.
758 2043 782 2080 γ
802 2031 839 2067 F
856 2042 874 2066 ε
895 2026 953 2073 ς”
982 2029 1030 2076 (et
1050 2041 1147 2067 omn.
1170 2032 1278 2069 codd.
1302 2029 1474 2079 Cruquii)
1503 2030 1681 2067 dossenus
1711 2030 1751 2066 Ε

214 2099 278 2133 pr.
299 2086 320 2122 λ
341 2085 392 2135 (9)
422 2087 632 2121 dorsennus
664 2100 686 2123 r
706 2099 731 2123 v
750 2098 776 2134 9
798 2099 828 2123 ω
860 2085 1044 2132 ‘persona
1074 2087 1230 2120 comica’
1261 2089 1374 2136 yloss.
1396 2098 1414 2123 ε
1443 2086 1642 2121 DOSSEN
1671 2085 1748 2134 (sio)

220 2143 258 2180 C.
280 2143 313 2181 Ι.
336 2143 381 2180 L.
401 2142 415 2179 1
436 2155 498 2180 nr.
520 2142 621 2187 430;
654 2150 687 2179 et
717 2148 762 2190 qs.
793 2143 929 2180 Senec.
954 2145 1064 2190 epist.
1086 2143 1151 2190 89,
1176 2144 1199 2181 7
1311 2143 1391 2181 174
1422 2139 1548 2194 quam]
1581 2154 1660 2177 cum
1689 2145 1749 2180 uel

219 2211 325 2245 quom
345 2201 436 2237 coni.
456 2200 691 2248 Kraffertus
775 2200 948 2237 adstricto
969 2199 1007 2235 F
1022 2191 1065 2236 λ’
1084 2196 1181 2247 (πά
1202 2202 1229 2237 d
1246 2200 1281 2247 r)
1312 2201 1480 2237 asstricto
1502 2201 1541 2236 E
1550 2212 1618 2248 pr.
1640 2199 1687 2248 (et
1706 2198 1747 2250 β)

218 2257 366 2294 astricto
398 2257 436 2294 E
454 2267 557 2294 corr.
580 2269 603 2306 γ
623 2269 641 2294 ε
662 2256 699 2305 (σ
716 2269 740 2306 9
760 2269 786 2293 υ
807 2264 840 2292 et
860 2255 1000 2303 Fran.)
1095 2256 1173 2293 175
1205 2258 1240 2293 in
1271 2253 1411 2294 loculos
1432 2252 1559 2300 522!
1579 2256 1644 2304 Pf.
1675 2269 1744 2293 om.

219 2314 245 2349 d
259 2325 323 2361 pr.
355 2313 394 2348 in
425 2313 582 2348 loculum
612 2314 709 2362 Pph.
834 2313 1023 2350 demittere
1054 2314 1092 2350 E
1110 2313 1160 2361 (d)
1179 2325 1204 2360 y
1236 2309 1281 2364 [4
1302 2314 1445 2350 Bland.
1470 2313 1584 2351 Gron.
1605 2314 1710 2362 Lips.
1730 2324 1747 2350 2

220 2389 408 2443 Montep]
443 2392 624 2430 dimittere
644 2406 668 2443 y
688 2393 726 2429 F
742 2388 812 2430 λέ
833 2389 889 2436 ς”
920 2372 1100 2427 dimittere
1122 2405 1148 2428 v
1234 2398 1319 2441 post
1349 2394 1416 2442 hec
1444 2406 1468 2443 γ
1485 2404 1512 2440 y
1543 2398 1627 2442 post
1656 2385 1694 2442 (ᾖ
1712 2393 1750 2430 Ε

220 2450 257 2485 F
275 2462 297 2486 a
318 2462 364 2498 9,
394 2451 511 2485 sedin
529 2463 553 2498 9
577 2461 595 2486 ‘J
618 2462 641 2486 α
662 2460 691 2486 2.
713 2449 774 2497 m.)
806 2451 875 2486 hoc
905 2445 1068 2493 cett.';‘'

467 2518 533 2544 uu.
568 2506 802 2544 176-218
833 2506 1054 2545 DESVNT
1078 2518 1118 2549 ε;
1147 2499 1280 2542 Rs:
1300 2507 1378 2556 Ey
1398 2501 1493 2543 Fa!

336 2563 414 2600 177
445 2574 608 2600 scaenam
635 2575 659 2612 y
681 2574 786 2601 corr.
806 2564 845 2600 F
861 2562 899 2611 (a
920 2565 947 2600 d
964 2565 1014 2601 21
1034 2569 1067 2599 et
1087 2562 1129 2609 π)
1156 2563 1222 2611 Pf.
1253 2572 1379 2611 cenam
1405 2575 1429 2613 γ
1454 2575 1518 2610 pr.
1548 2562 1589 2611 (d
1612 2572 1623 2598 ι
1653 2569 1684 2598 et
1704 2561 1746 2612 β)

221 2630 362 2656 scenam
384 2625 471 2657 cett.
495 2631 518 2663 ς
536 2620 583 2667 (et
602 2619 740 2668 Fran.)
771 2631 894 2655 cenam
913 2621 998 2667 flor.
1021 2620 1152 2657 Nostr.
1250 2618 1328 2656 178
1359 2618 1459 2655 inflat
1481 2614 1608 2662 Ω’ς”
1625 2621 1742 2668 floril.

221 2676 468 2713 Nostradam.
499 2676 615 2710 instat
643 2689 669 2725 9
691 2676 886 2714 Gesnerus
995 2678 1072 2714 179
1104 2687 1255 2725 paruum
1285 2680 1342 2712 est
1361 2671 1484 2719 „52'3”
1505 2672 1616 2723 Pplz!
1634 2678 1744 2724 flori-

219 2734 291 2780 le9.
315 2733 560 2770 Nostradam.
584 2744 750 2779 paruum,
772 2746 840 2769 om.
862 2738 931 2778 est,
954 2735 980 2771 d
996 2746 1020 2783 9
1034 2746 1060 2781 9
1134 2732 1215 2770 180
1234 2737 1296 2768 aut
1315 2726 1440 2775 ,Ω’ς”
1461 2725 1574 2780 ΡΡΙι.’
1588 2725 1748 2780 ΡονρΙι.’

218 2790 381 2837 florile9.
415 2790 658 2827 Nostradam.
691 2802 732 2824 ac
761 2802 787 2837 9
818 2785 1005 2840 [Par-isin.
1027 2789 1136 2827 8216
1169 2784 1392 2837 Vindobon.]
1425 2789 1625 2826 Bentleius

224 2842 358 2894 ualeat]
392 2851 519 2890 pereat
545 2859 571 2893 9
602 2859 683 2893 opp.
718 2843 830 2894 Pph!
847 2847 1011 2895 florile9.
1044 2846 1286 2882 Nostradam.
