1890 3106
219 103 304 145 376
696 118 852 159 nomm
883 119 938 144 m:
970 118 1079 144 ARTE
1110 118 1292 145 POETICA

335 231 367 269 si
399 229 613 269 defendere
645 228 831 269 delictum
863 239 981 279 quam
1012 232 1170 269 uertere
1201 228 1358 276 malles,

335 302 485 343 nullum
518 301 619 341 ultra
651 301 818 342 uerbum
850 307 916 342 aut
946 314 1109 355 operam
1140 302 1368 344 insumebat
1396 305 1574 354 inanem,

335 377 427 427 quin
461 375 543 416 sine
574 375 691 416 riuali
724 381 841 426 teque
874 381 911 415 et
942 381 1007 416 tua
1037 375 1145 416 solus
1176 389 1341 417 amares.

336 450 396 489 uir
428 449 556 489 bonus
588 454 627 489 et
656 449 834 502 prudens
865 462 1003 490 uersus
1031 449 1300 503 reprehendet
1330 452 1488 498 inertis3
1688 459 1754 492 445

339 522 514 576 culpabit
545 522 684 570 duros,
717 524 929 576 incomptis
960 523 1107 564 adlinet
1137 529 1265 564 atrum
1312 548 1315 549 ν
1483 524 1485 526 ’

338 602 566 637 transuerso
597 597 750 637 calamo
780 599 956 649 signum,
990 597 1196 638 ambitiosa
1227 599 1380 639 recidet

338 676 590 718 ornamenta,
622 683 763 722 parum
794 670 911 711 claris
941 671 1069 711 lucem
1101 671 1196 711 dare
1227 677 1361 724 coget,

337 750 476 796 arguet
506 744 690 797 ambigue
721 745 888 789 dictum,
922 745 1107 785 mutanda
1138 745 1308 791 notabit,

335 819 402 857 fiet
431 818 704 865 Aristarchus,
739 830 812 858 nec
843 818 949 859 dicet
979 819 1075 858 ‘cur
1107 830 1179 870 ego
1211 820 1380 860 amicum
1518 805 1521 814 s
1689 813 1757 859 450

334 891 532 931 offendam
562 892 603 931 in
634 892 798 943 nugis?'
830 891 904 931 bae
934 903 1062 943 nugae
1094 893 1197 932 seria
1229 892 1374 933 ducent
1615 897 1619 900 ’

333 966 374 1004 in
406 964 507 1005 mala
540 965 714 1005 derisum
747 965 870 1005 semel
903 972 1192 1018 exceptumque
1223 966 1394 1008 sinistre.

336 1044 378 1078 ut
408 1038 510 1078 maia
541 1050 659 1091 quem
693 1039 849 1080 scabies
880 1045 946 1079 aut
975 1039 1140 1080 morbus
1171 1041 1304 1093 regius
1336 1047 1451 1094 urget

333 1117 399 1152 aut
429 1113 624 1153 fanaticus
657 1125 769 1153 error
802 1118 840 1153 et
870 1113 1059 1154 iracunda
1091 1113 1231 1161 Diana,

334 1198 526 1226 uesanum
559 1187 735 1239 tetigisse
767 1187 908 1227 timent
938 1188 1173 1240 fugiuntque
1204 1193 1360 1241 poetam
1688 1196 1755 1229 455

220 1318 493 1347 TESTIMONIA.
963 1335 971 1347 ι

315 1364 383 1396 453
409 1362 580 1396 ‘morbus
605 1363 748 1406 regius’
775 1363 903 1395 incert.
929 1367 1122 1405 grammat.
1148 1367 1167 1403 ξ
1192 1366 1235 1396 59
1261 1375 1295 1407 p.
1319 1365 1385 1398 210
1409 1364 1514 1400 Eich.
1541 1369 1578 1399 et
1602 1365 1710 1401 Endl.

310 1410 377 1441 455
403 1418 456 1450 sq.
482 1409 643 1442 Ioannes
669 1408 965 1442 Saresberiensis
989 1408 1116 1452 policr.
1142 1409 1212 1443 vn
1233 1411 1274 1442 12

220 1525 348 1554 vAmA
377 1525 544 1553 LEOTIO.

329 1568 391 1608 52'
412 1586 469 1604 =
490 1572 528 1608 E
544 1583 568 1621 γ
589 1572 626 1608 F
642 1567 681 1607 λ’
703 1570 738 1618 (λ
755 1570 783 1618 l)
805 1569 829 1606 δ
850 1582 867 1606 ε
889 1583 934 1612 u,·
965 1567 1022 1614 ς”
1042 1584 1099 1603 Ξ
1119 1575 1187 1608 aut
1208 1582 1337 1609 omnes
1359 1573 1468 1610 codd.
1488 1568 1536 1622 β’
1557 1571 1598 1622 (β
1613 1572 1754 1621 Fran.)

218 1642 242 1665 ν
261 1624 309 1665 π’
331 1628 374 1676 (π
394 1627 514 1676 Lips.)
535 1636 558 1664 6
578 1640 598 1663 τ
620 1641 644 1664 α
666 1640 688 1664 r
708 1640 733 1663 v
759 1626 800 1675 (l)
831 1632 899 1664 aut
927 1629 1062 1664 horum
1090 1629 1199 1665 codd.
1229 1639 1275 1665 ea
1299 1639 1401 1676 pars
1429 1639 1481 1666 ex
1510 1629 1647 1677 quibus
1678 1642 1755 1667 non
1788 1642 1793 1643 ⁷

218 1688 321 1723 aliae
348 1688 532 1722 lectiones
562 1689 747 1721 notantur
757 1700 768 1726 ,·
807 1696 829 1728 ς
855 1699 912 1716 =
942 1688 1010 1721 aut
1041 1695 1169 1722 omnes
1206 1686 1314 1723 codd.
1343 1698 1367 1721 ν
1387 1693 1411 1721 σ
1430 1696 1450 1721 τ
1473 1699 1497 1723 a
1517 1698 1540 1722 r
1558 1698 1585 1722 v
1613 1684 1655 1733 (l)
1685 1690 1755 1723 aut

289 1743 426 1779 horum
456 1743 563 1779 codd.
597 1751 644 1778 ea
670 1752 769 1788 pars
799 1752 851 1779 ex
881 1742 1018 1790 quibus
1047 1740 1258 1779 non‘aliae
1285 1744 1470 1780 lectiones
1499 1747 1686 1781 notantur

219 1805 332 1858 Pph!
354 1811 423 1846 Ac.
455 1814 612 1846 tractat.
656 1810 860 1847 Vindobon.
891 1813 949 1844 ter
979 1813 1085 1843 natos
1117 1809 1272 1847 Bentlei
1308 1811 1510 1847 coniectura
1539 1811 1644 1846 etiam
1671 1823 1756 1858 pro-

216 1873 295 1913 pter
326 1864 434 1900 ‘ter'
471 1867 508 1901 in
547 1869 776 1902 antecedente
811 1879 917 1902 uersu
958 1869 1154 1908 refutanda
1190 1867 1367 1902 formatos
1405 1868 1595 1917 Guyetus;
1634 1873 1671 1903 at
1709 1872 1754 1912 cf.

220 1924 405 1972 Propert.
427 1923 470 1959 ΠΙ
493 1922 545 1960 25
572 1921 656 1970 (32)
677 1923 750 1960 43;
783 1921 927 1970 ‘incipe
957 1923 1026 1957 iam
1056 1928 1217 1968 angusto
1249 1935 1383 1958 uersus
1413 1924 1603 1959 includere
1622 1919 1756 1959 torno’

332 1979 413 2017 443
447 1979 496 2014 nil
529 1980 625 2014 ultra
665 1980 769 2014 uerbi
809 1986 873 2014 aut
910 1992 1043 2026 operae
1082 1980 1289 2015 insumebat
1318 1980 1440 2015 inanis
1473 1981 1758 2030 Cuninqhamus

332 2036 497 2073 sumebat
528 2049 553 2073 u
570 2049 636 2084 pr.
659 2035 697 2087 (v
719 2043 753 2073 et
772 2036 815 2084 π)
834 2049 861 2085 y
948 2038 1054 2074 inane
1085 2049 1108 2086 γ
1204 2036 1287 2075 445
1317 2037 1564 2086 reprehendet
1593 2038 1633 2074 Ε
1647 2049 1672 2086 γ
1692 2035 1717 2074 ὃ
1738 2050 1756 2075 ε

220 2107 243 2131 ιι
268 2106 355 2131 nar.
377 2093 416 2141 (a
437 2106 463 2130 v
483 2106 578 2130 cons.
600 2089 659 2141 β’)
690 2098 848 2132 tractat.
884 2094 1088 2132 Vindobon.
1121 2094 1332 2140 re1311endaet
1359 2106 1379 2130 τ
1408 2094 1600 2143 τθῇῑιρηᾶίῑ
1620 2095 1659 2131 F
1675 2090 1756 2132 λἰι

219 2174 257 2220 (ν
276 2187 298 2210 ν
319 2180 351 2209 et
372 2172 493 2221 Lips.)
518 2160 709 2219 rem-’endu
728 2181 752 2209 6
765 2184 778 2210 1
795 2153 1094 2224 (rebhensssssdit
1113 2173 1156 2221 π)
1245 2174 1372 2211 inertis
1392 2186 1415 2222 γ
1437 2172 1474 2220 (α
1492 2185 1558 2221 pr.
1579 2180 1612 2209 et
1631 2172 1675 2221 π)
1703 2174 1756 2211 in-

219 2231 342 2267 hertes
374 2227 399 2267 δ
429 2231 566 2267 inertes
598 2227 700 2268 cett!
816 2229 898 2268 446
929 2231 1110 2279 inconptis
1141 2243 1167 2268 u
1187 2229 1239 2278 (ν)
1326 2230 1462 2267 adlinet
1491 2226 1554 2267 ΩΧ
1575 2229 1614 2278 (ν
1632 2224 1715 2268 πά
1735 2244 1758 2268 r

217 2300 283 2335 pr.
307 2288 347 2334 v)
378 2288 476 2335 Pplz.
510 2286 637 2322 allinet
666 2284 744 2337 β’σ
764 2299 783 2323 τ
805 2299 827 2323 r
848 2299 952 2324 corr.
1042 2284 1169 2338 alinet]
1203 2287 1343 2321 obelum
1371 2289 1486 2336 gloss.
1521 2287 1690 2325 Gronou.

219 2344 300 2381 447
333 2345 559 2381 Transuorso
591 2357 621 2392 φ
643 2350 677 2392 ψ
699 2356 802 2382 corr.
827 2340 867 2380 λ’
896 2343 943 2391 (et
964 2343 1006 2391 π)
1027 2355 1051 2391 y
1083 2344 1307 2380 Transuerso
1329 2349 1416 2381 cett.
1443 2339 1482 2388 ς’
1504 2349 1551 2381 tr.
1586 2345 1690 2382 Vinci.

219 2424 410 2460 ambiciosa
441 2423 486 2459 λῗ
574 2423 657 2462 448
688 2424 804 2460 lucem
826 2423 931 2460 claris
953 2423 1037 2460 dare
1067 2404 1167 2472 eogiet
1198 2436 1223 2461 u
1253 2423 1355 2460 claris
1386 2423 1503 2460 lucem
1534 2423 1618 2460 dare
1647 2428 1758 2473 coget

220 2477 321 2517 cett!
341 2476 395 2524 ς”
426 2479 476 2516 cl:
510 2480 540 2514 l:
572 2481 612 2515 d:
635 2481 734 2525 cogit
754 2489 777 2516 6
797 2479 844 2528 (et
866 2480 972 2528 Lips.
988 2492 1054 2528 pr.
1069 2479 1100 2525 ?)
1131 2480 1240 2515 claris
1262 2484 1368 2524 coget
1389 2480 1476 2514 dare
1498 2480 1611 2514 lucem
1631 2491 1652 2515 τ
1671 2492 1698 2528 y

220 2550 257 2574 u.
288 2536 370 2574 449
402 2549 471 2573 om.
502 2549 528 2585 y
553 2534 668 2589 [Par.
692 2537 802 2575 8219
826 2550 849 2574 a
872 2547 897 2574 1.
921 2534 990 2587 m.]
1023 2539 1092 2573 del.
1117 2537 1350 2574 Ribbeck-'ius
1435 2536 1604 2574 motanda
1634 2537 1673 2574 E

220 2594 303 2632 450
333 2594 490 2630 aristarc'
522 2592 546 2631 ὃ
633 2606 700 2631 nec
730 2595 768 2630 E
784 2606 808 2642 γ
828 2591 852 2630 ὃ
873 2605 890 2630 2
910 2606 998 2631 aar.
1019 2590 1113 2643 (β’ν
1132 2606 1153 2630 τ
1174 2593 1213 2641 α)
1244 2605 1316 2630 non
1347 2595 1385 2631 F
1401 2589 1477 2630 λἰῗ
1497 2605 1523 2630 u
1542 2589 1640 2640 (πίῖ
1659 2606 1682 2629 r
1701 2592 1752 2640 v),

219 2653 329 2698 clefic.
353 2662 369 2686 ε
483 2650 563 2688 451
587 2663 684 2700 nuge
705 2648 729 2687 ὃ
834 2650 915 2687 452
938 2651 1104 2687 sinistrae
1127 2652 1199 2699 Εγ
1215 2663 1246 2697 φ
1269 2645 1307 2686 λ’
1412 2649 1494 2687 453
1517 2654 1650 2698 urguet
1671 2650 1710 2686 E
1726 2648 1754 2698 (l

220 2719 324 2745 corr.
348 2714 381 2743 et
401 2709 524 2745 Fran.
542 2707 624 2757 pr.)
657 2713 766 2757 urget
794 2704 895 2744 cett!
917 2710 1031 2744 etiam
1052 2719 1069 2744 ε
1095 2704 1135 2751 ς’
1163 2707 1210 2755 (et
1229 2706 1255 2757 β
1276 2708 1401 2744 Fran.
1427 2705 1545 2753 corr.)
1566 2711 1614 2742 tr.
1646 2707 1752 2744 Vind.

334 2777 396 2802 uu.
428 2764 510 2802 454
525 2765 667 2803 —476
699 2763 923 2802 DEFICIT
949 2766 1031 2801 cod.
1053 2776 1092 2806 e,-
1123 2761 1185 2801 ,ΩΧ
1205 2781 1260 2794 =
1281 2764 1319 2800 E
1335 2776 1359 2813 γ
1378 2764 1417 2800 F
1435 2759 1474 2798 λ’
1494 2761 1528 2810 (λ
1549 2761 1577 2809 l)
1598 2760 1622 2799 ὃ
1644 2775 1669 2800 u

220 2819 302 2858 455
335 2821 530 2858 Vaesanum
561 2823 599 2859 F
616 2819 640 2859 δ
660 2822 694 2870 (τ
716 2834 738 2858 ν
758 2828 791 2857 et
811 2821 855 2869 π)
884 2821 1060 2858 Vesanum
1092 2816 1245 2865 cett.'c3‘
1265 2820 1313 2868 (et
1332 2818 1451 2868 Lips.)
1538 2819 1684 2868 fugiunt
1722 2819 1759 2856 F
