1820 3094
763 124 845 152 LIB.
879 124 894 151 1
924 123 957 158 5,
982 122 1084 150 19-42
1643 105 1700 148 51

276 238 466 279 Cocceius
497 238 714 291 Capitoque
743 236 861 277 simul
890 237 1100 283 Fonteius,
1132 235 1179 277 ad
1210 246 1385 287 unguem

276 313 405 354 sactus
435 312 575 363 homo,
608 312 754 352 Antoni
784 324 865 352 non
896 317 940 352 ut
970 312 1096 363 magis
1127 310 1226 351 alter
1256 311 1419 350 amicus.

275 387 436 428 Fundos
466 386 620 428 Aufidio
650 386 778 426 Lusco
810 391 996 438 praetore
1032 376 1204 425 libenter

274 462 513 514 linquimus,
544 461 674 501 insani
703 460 881 500 ridentes
910 460 1089 512 praemia
1119 459 1295 504 scribae,
1657 463 1701 494 35

274 541 519 589 praetextam
550 539 590 574 et
618 533 742 575 latum
774 533 930 574 clauom
960 545 1196 586 prunaeque
1227 532 1418 576 uatillum.

273 611 314 649 in
344 610 635 649 Mamurrarum
664 608 758 648 lassi
788 607 933 648 deinde
962 607 1064 648 urbe
1095 619 1324 666 manemus,

275 684 442 724 Murena
472 682 690 736 praebente
723 682 903 729 domum,
938 683 1129 735 Capitone
1160 680 1347 721 culinam.

273 763 433 811 postera
463 757 531 797 lux
561 758 689 798 oritur
719 756 845 797 multo
876 757 1117 809 gratissima:
1150 766 1322 807 namque

274 832 426 873 Plotius
457 836 496 872 et
524 832 664 873 Varius
695 832 908 872 Sinuessae
938 812 1233 883 Vergiliusque‘
1656 835 1701 866 40

276 910 512 952 occurrunt,
545 907 701 946 animae
732 905 858 958 qualis
889 917 1020 958 neque
1051 904 1304 946 candidiores

275 986 383 1021 terra
413 980 502 1020 tulit
531 992 661 1033 neque
692 981 779 1032 quis
810 992 872 1020 me
903 981 954 1020 sit
983 979 1207 1020 deuinctior
1238 978 1351 1019 alter.

159 1188 429 1216 TESTIMONIA.

252 1255 398 1287 32--33
431 1252 501 1285 ‘ad
530 1270 575 1277 —
604 1252 734 1286 homo’
766 1252 852 1285 Aer.
880 1252 927 1284 ad
953 1255 1022 1285 art.
1049 1255 1147 1295 poet.
1173 1253 1240 1285 294
1266 1251 1418 1285 Seruius
1443 1251 1491 1284 ad
1517 1263 1642 1295 georg.
1662 1252 1701 1285 ΙΙ

159 1301 224 1333 277
252 1300 299 1332 cf.
327 1300 545 1332 Vincentius
570 1298 758 1331 Bellouac.
787 1308 886 1341 spec.
917 1298 1004 1330 hist.
1031 1299 1093 1331 69:
1126 1298 1254 1331 ‘homo
1285 1298 1409 1330 factus
1440 1298 1488 1330 ad
1517 1301 1699 1341 unguem'

251 1347 295 1379 35
319 1346 432 1378 Prisc.
457 1344 495 1377 II
513 1346 550 1386 23
574 1346 615 1377 13
639 1343 818 1377 Al'cuinus
843 1355 877 1386 p.
898 1345 987 1377 2085
1010 1344 1051 1379 P.
1079 1344 1223 1376 ‘·insani
1247 1362 1290 1366 —
1315 1341 1517 1387 scrib(a)e’
1544 1344 1626 1377 Acr.
1653 1344 1701 1377 ad

161 1401 267 1423 serm.
292 1391 330 1423 11
355 1393 395 1431 3,
420 1391 464 1423 43
562 1391 604 1423 36
631 1389 783 1422 Seruius
810 1389 857 1421 ad
875 1389 966 1422 Aen.
984 1389 1037 1421 XI
1055 1390 1121 1423 788
1148 1389 1196 1422 cf.
1225 1389 1335 1432 gloss.
1359 1389 1437 1421 Mai
1463 1389 1572 1422 class.
1599 1394 1700 1423 auct.

160 1437 231 1471 VII
255 1438 338 1470 552:
375 1435 565 1468 ‘batillum
596 1435 817 1467 turibulum’
850 1436 935 1468 575:
975 1435 1348 1477 ‘prunascarbones
1384 1435 1484 1467 uiui'
1517 1436 1606 1470 VIII
1638 1437 1701 1469 80:

159 1483 322 1524 ‘batum‚
353 1491 422 1514 uas
458 1481 553 1519 uini;
579 1480 768 1520 batillum,
801 1491 957 1524 paruum
986 1481 1123 1514 batum,
1172 1481 1368 1514 Horatius:
1406 1480 1523 1513 latum
1554 1481 1701 1514 clauum

159 1537 372 1572 prunaeque
404 1526 596 1559 batillum’
635 1526 746 1569 gloss.
778 1526 912 1559 Isidor.
945 1527 1031 1559 1601
1057 1530 1084 1561 t.
1109 1526 1179 1559 VII
1207 1527 1275 1559 492
1306 1527 1437 1560 Areu.:
1475 1527 1699 1566 masculum,

157 1584 315 1617 paruum
338 1575 428 1606 uas'
522 1574 565 1606 39
592 1572 639 1608 cf.
669 1573 816 1606 eebasis
841 1575 940 1615 capt.
966 1583 1000 1607 u.
1028 1574 1112 1605 322:
1146 1575 1315 1615 ‘postera
1339 1571 1402 1604 lux
1426 1572 1561 1615 oritur,
1586 1573 1701 1606 multo

110 1631 118 1638 ·
159 1619 369 1662 gratissima
395 1618 535 1651 fertur'
636 1620 785 1651 40-42
812 1618 979 1651 ‘Plotius
1006 1636 1047 1640 —
1072 1618 1180 1651 tulit²
1206 1619 1323 1651 Prisc.
1341 1618 1448 1652 XVII
1473 1619 1517 1651 32
1609 1620 1701 1651 41-

157 1667 204 1698 42
230 1665 276 1699 cf.
300 1665 382 1697 uita
407 1675 434 1698 s.
462 1664 624 1697 Thomae
650 1664 919 1697 Oantuarensis
951 1667 1102 1697 auctore
1128 1663 1316 1697 Willelmo
1340 1664 1413 1698 uol.
1439 1663 1457 1696 I
1483 1675 1518 1706 p.
1548 1665 1612 1697 182
1636 1665 1698 1700 G.:

159 1711 282 1755 ‘quali
307 1721 380 1743 non
406 1709 659 1742 candidiorem
684 1713 784 1743 terra
808 1709 913 1751 tulit,
941 1721 1010 1743 nec
1035 1720 1106 1753 quo
1133 1709 1243 1742 fuerit
1270 1709 1476 1743 deuinctior
1501 1709 1618 1742 alter’

158 1907 287 1935 VARIA
316 1907 484 1934 LECTIO.

274 1975 327 2014 32
351 1975 510 2012 Cocceus
529 1976 568 2012 E
585 1975 744 2012 soreeius
769 1974 799 2011 C
884 1974 936 2012 33
958 1974 1097 2011 antonii
1117 1975 1153 2011 D
1174 1973 1221 2021 (ct
1241 1972 1381 2021 Fran.)
1403 1974 1527 2010 antino
1551 1974 1580 2011 C
1598 1980 1701 2011 anto-

159 2034 219 2070 nio
242 2046 267 2071 u
356 2032 409 2070 34
430 2028 568 2083 Lusco]
600 2033 724 2066 Fusco
747 2044 777 2068 ω
807 2030 911 2065 lusco
940 2032 1153 2080 Teuffelius
1239 2036 1387 2079 pretore
1409 2030 1481 2067 Ελ
1568 2030 1621 2068 35
1650 2033 1700 2068 ri-

159 2086 307 2141 dentes]
341 2090 469 2127 dentes
502 2091 539 2126 E
652 2089 813 2138 proemia
843 2089 879 2125 D
909 2089 1045 2137 premia
1077 2087 1097 2124 λ
1213 2088 1266 2126 36
1296 2087 1499 2125 Pretextam
1532 2086 1552 2123 λ
1583 2100 1608 2125 u

159 2147 300 2184 clauom
340 2146 370 2183 G
409 2146 551 2183 clauum
592 2139 692 2183 cett!
726 2142 766 2190 ς’
803 2142 1007 2193 ΡρῘι.Ἀε.
1157 2145 1318 2182 uatillum
1351 2141 1412 2181 32'
1435 2137 1475 2188 ς’
1512 2143 1560 2192 (et
1598 2157 1695 2182 omn.

160 2203 319 2252 Bland.)
349 2205 446 2252 Pph.
481 2204 610 2241 Seruii
639 2203 777 2252 Regin.
811 2202 919 2241 1674
948 2202 1167 2245 batillumo
1195 2214 1298 2239 corr.
1322 2215 1344 2238 r
1366 2214 1392 2250 y
1421 2204 1586 2250 qlossar.
1616 2202 1702 2239 Mai

159 2261 310 2295 batilum
340 2262 470 2298 Seruii
495 2261 626 2298 Paris.
660 2259 769 2297 7929
809 2258 931 2306 ‘quod
966 2260 1088 2305 magni
1127 2260 1309 2306 penderet
1346 2259 1511 2293 indutum
1543 2271 1584 2293 se
1614 2271 1698 2293 esse

160 2319 232 2352 lato
263 2318 367 2352 clauo
399 2329 441 2351 ac
470 2322 662 2363 praetexta
693 2321 730 2351 et
769 2317 813 2351 de
843 2316 985 2351 balneis
1017 2317 1174 2363 publicis
1215 2327 1357 2363 prunas
1396 2316 1468 2350 sibi
1504 2315 1645 2350 domum
1678 2328 1698 2350 a

159 2375 387 2410 mediastinis
418 2375 556 2409 adferri
587 2375 691 2421 (aff-z
722 2373 873 2422 Porf.)’
904 2371 1065 2421 Porph.'
1096 2374 1258 2418 clauum,
1299 2377 1336 2407 et
1372 2373 1511 2418 nigram
1549 2384 1698 2419 quoque

159 2433 294 2467 alutam
323 2432 480 2470 Peerlk.
504 2431 672 2466 bacillum
693 2443 723 2468 ω
750 2435 796 2474 cf.
822 2431 899 2468 Cic.
922 2433 969 2468 de
988 2434 1072 2481 Zeye
1092 2444 1176 2480 αρν.
1201 2431 1229 2468 ll
1251 2429 1326 2478 34,
1349 2430 1402 2468 93
1490 2430 1543 2468 37
1571 2427 1698 2481 sslassi

160 2491 198 2527 E
317 2489 370 2527 39
401 2489 567 2526 Proxima
596 2487 690 2538 γ(α)
707 2500 734 2535 y
765 2483 922 2538 [Bamb.
955 2486 1065 2540 παπ]
1097 2489 1250 2525 Postera
1280 2484 1382 2524 cett!
1410 2500 1539 2537 yuar.
1573 2483 1611 2530 ς’

160 2558 302 2596 nanque
332 2544 454 2596 y'EG
566 2545 622 2584 40
650 2545 794 2583 Plocius
824 2544 904 2583 DC
921 2545 941 2581 λ
1068 2546 1188 2582 uarius
1218 2546 1295 2582 DE
1311 2557 1335 2594 γ
1357 2544 1387 2582 C
1423 2544 1462 2592 (ν
1482 2553 1505 2580 σ
1536 2556 1640 2581 corr.
1672 2557 1696 2580 a

158 2616 182 2653 9
204 2617 226 2640 r
256 2610 289 2639 et
318 2602 459 2651 Fran.)
491 2603 654 2640 Seruius
686 2613 792 2639 uarus
823 2603 861 2640 F
878 2599 957 2640 λἰι
979 2602 1015 2650 (σ
1043 2615 1105 2651 pr.
1140 2609 1173 2638 et
1201 2600 1241 2651 β)
1346 2602 1509 2638 sinuesse
1531 2601 1570 2637 E
1587 2614 1612 2638 u

160 2657 335 2709 uergilius
365 2661 402 2697 D
432 2673 469 2697 α.
501 2672 582 2697 ras.
616 2661 654 2696 E
674 2660 703 2696 C
731 2660 896 2709 uirgilius
927 2661 966 2696 F
986 2656 1052 2697 λἰι
1081 2661 1117 2697 D
1149 2672 1252 2697 corr.
1288 2655 1328 2702 ς’
1350 2658 1584 2695 Priscianus

159 2717 211 2754 41
245 2718 361 2754 anime
392 2717 414 2753 λ
527 2717 641 2766 qualis
674 2717 712 2753 E
736 2715 825 2765 y(r)
853 2713 1014 2768 y[Lips.
1044 2714 1130 2767 pr.]
1173 2716 1295 2765 quales
1328 2711 1473 2758 cettsg'
1576 2727 1644 2749 nec
1672 2728 1696 2764 9

170 2775 378 2812 Willelmus
492 2774 545 2811 42
577 2785 696 2822 neque
733 2770 832 2824 quis]
877 2775 1005 2824 nequis
1037 2774 1067 2811 C
1208 2769 1274 2823 sit]
1318 2772 1360 2808 fit
1398 2771 1427 2809 0
1570 2771 1696 2809 deuin-

160 2832 236 2868 cior
264 2844 288 2882 γ
308 2843 334 2868 u

1444 2894 1492 2928 4*
