1890 3106
235 141 319 184 236
757 159 919 199 11015AT1
948 159 1242 188 EPISTVLARVM

348 268 551 307 nouistine
581 267 717 308 locum
742 270 939 321 potiorem
970 282 1064 310 rure
1095 269 1233 311 beato?

350 346 409 381 est
439 341 506 381 ubi
535 341 624 394 plus
654 347 814 395 tepeant
843 343 1020 384 hiemes?
1051 343 1119 383 ubi
1150 345 1300 396 gratior
1330 357 1425 385 aura
1721 353 1763 386 15

347 415 469 455 leniat
500 420 538 454 et
567 415 718 455 rabiem
751 416 866 456 Canis
899 422 937 456 et
967 424 1166 457 momenta
1196 418 1359 465 Leonis,

346 501 437 528 cum
468 489 591 528 semel
622 490 776 541 accepit
807 489 938 530 Solem
971 490 1208 531 furibundus
1240 493 1422 532 acutum?

349 567 408 601 cst
438 561 506 602 ubi
536 562 699 604 diuellat
730 576 890 604 somnos
921 565 1052 605 minus
1080 565 1214 605 inuida
1245 550 1365 606 cura?

348 636 523 676 deterius
553 636 711 689 Libycis
743 637 823 677 olet
852 643 920 678 aut
950 638 1049 679 nitet
1078 638 1202 679 herba
1233 638 1401 692 lapillis?

344 710 482 761 purior
513 711 554 750 in
585 711 684 750 uicis
715 723 815 764 aqua
847 711 973 751 tendit
1003 724 1191 765 rumpere
1221 711 1448 765 plumbum,
1719 721 1765 754 20

344 795 461 835 quam
493 796 593 836 quae
628 796 700 837 per
731 796 901 835 pronum
935 785 1105 838 trepidat
1135 798 1223 826 cum
1256 799 1461 827 murmure
1492 788 1657 828 *rium?

345 868 490 910 nempe
522 858 623 897 inter
655 860 788 898 uarias
818 860 993 898 nutritur
1023 858 1121 899 silua
1152 859 1376 904 columnas,

342 930 604 984 laudaturque
636 931 776 972 domus
806 931 947 983 longos
978 944 1078 985 quae
1108 934 1303 985 prospicit
1331 946 1469 985 agros:

343 1009 523 1045 naturam
557 1004 731 1058 expelles
761 1006 896 1050 furca,
930 1010 1062 1046 tamen
1093 1018 1221 1058 usque
1251 1012 1434 1048 recurret

342 1084 381 1118 et
410 1077 512 1118 mala
543 1084 776 1131 perrumpet
805 1079 942 1119 furtim
973 1079 1127 1120 fastIdia
1158 1080 1310 1120 victrix.
1715 1089 1759 1121 25

228 1251 499 1278 TESTIMONIA.

343 1306 383 1338 17
408 1305 488 1338 Aer.
514 1305 560 1337 ad
587 1315 692 1339 serm.
724 1306 761 1338 II
792 1308 829 1348 3,
859 1307 922 1339 163
1037 1308 1081 1339 24
1106 1306 1324 1350 florilegium
1349 1307 1466 1341 Paris.
1490 1308 1600 1342 8818⁸
1628 1307 1757 1342 Hilde-

226 1351 353 1383 bertus
386 1361 541 1383 sermon.
572 1352 615 1384 68
647 1362 680 1394 p.
713 1352 780 1384 570
804 1351 1021 1384 Vincentius
1052 1352 1331 1386 Bellouacensis
1362 1353 1500 1396 specul.
1530 1353 1658 1388 histor.
1691 1354 1759 1388 VII

226 1397 269 1429 68
364 1396 411 1431 cf.
436 1397 595 1429 Ioannes
621 1396 915 1430 Saresberiensis
941 1397 1071 1440 policr.
1089 1398 1199 1432 1118:
1227 1401 1404 1432 ‘naturae
1430 1425 1438 1433 .
1463 1423 1472 1431 .
1499 1424 1508 1432 .
1536 1409 1643 1442 quam
1667 1399 1759 1434 licet

226 1441 392 1484 expellas
418 1459 455 1463 —
486 1444 674 1474 recurret’
1249 1458 1253 1465 .

222 1602 352 1629 VARIA
378 1602 547 1629 LECTIO.

224 1665 263 1701 E
289 1666 393 1713 quod
418 1667 581 1712 inrepsit
611 1675 663 1701 eae
692 1667 830 1713 yloss.,·
861 1665 968 1702 domo
999 1667 1103 1701 etiam
1131 1667 1219 1713 flor.
1246 1667 1376 1704 Nostr.
1399 1680 1465 1704 om.
1486 1680 1511 1716 9
1532 1677 1545 1704 ι
1625 1678 1706 1705 aera
1735 1680 1755 1706 ε

336 1733 401 1758 uu.
437 1720 604 1759 14—20
625 1733 663 1757 n.
686 1722 710 1757 l.
735 1734 759 1757 ν
845 1734 909 1758 uu.
936 1721 1099 1760 15—17
1122 1736 1190 1759 om.
1211 1732 1235 1759 σ
1255 1734 1269 1759 1
1367 1723 1418 1760 15
1450 1729 1604 1773 tepeant
1634 1725 1673 1761 E

225 1778 276 1815 16
307 1779 404 1814 canis
435 1774 489 1827 et]
522 1778 600 1814 cani
631 1777 703 1814 fert
733 1779 771 1814 E
799 1791 836 1815 a.
867 1790 948 1815 ras.
1066 1779 1117 1817 18
1149 1779 1297 1816 diuellat
1327 1781 1365 1816 E
1388 1792 1451 1827 pr.
1481 1781 1519 1817 F
1544 1777 1620 1816 λέ
1644 1780 1684 1828 (ν
1712 1786 1755 1819 ut

222 1836 299 1871 uid.
320 1831 369 1869 π’
390 1847 412 1870 r
431 1842 454 1869 σ
474 1845 490 1870 2
511 1846 598 1871 uar.
630 1841 663 1870 et
693 1833 719 1870 4
743 1835 902 1884 Bland.)
934 1835 1089 1884 depellat
1110 1837 1149 1873 E
1166 1847 1269 1873 corr.
1291 1849 1315 1886 γ
1336 1831 1425 1886 (β’σ
1445 1851 1469 1875 α
1489 1849 1513 1886 9
1532 1836 1571 1884 v)
1590 1838 1752 1887 floriley.

223 1891 352 1928 Nostr.
384 1893 655 1937 improbandum
684 1898 831 1938 propter
861 1890 1070 1940 ‘expelles’
1102 1905 1139 1930 u.
1164 1892 1237 1940 24,
1270 1892 1470 1941 ‘pellebat'
1501 1906 1538 1931 u.
1562 1894 1638 1941 35,
1670 1892 1754 1931 ‘de-

221 1945 337 1996 pulit'
367 1960 404 1984 u.
430 1948 482 1985 38
504 1952 548 1993 cs.
573 1953 799 1985 anacreont.
825 1948 900 1996 33,
920 1949 943 1986 9
972 1948 1096 1986 Rose:
1129 1945 1252 1985 ‘nard
1279 1961 1354 1999 μευ
1383 1948 1520 1999 σχίσας
1549 1944 1751 2001 ὀνείρους’

222 2004 424 2042 Claudian.
455 2007 495 2041 in
516 2004 647 2051 Rufin.
670 2004 789 2043 1210
810 2016 889 2054 sq..·
920 2003 1172 2049 ‘fulgentibus
1203 2005 1277 2040 illic
1307 2012 1468 2051 surgunt
1498 2011 1614 2042 strata
1643 2008 1751 2052 toris,

222 2061 277 2094 hic
307 2061 422 2095 mollis
454 2061 630 2107 panditur
661 2062 791 2105 herba,
831 2061 1027 2095 sollicitum
1064 2063 1163 2096 curis
1203 2075 1274 2096 non
1315 2063 1520 2109 abruptura
1557 2064 1750 2109 soporem'

219 2119 339 2154 schol.
374 2117 426 2153 P.-
465 2118 746 2152 <maronianum
782 2118 888 2152 illud:
932 2131 999 2152 nec
1030 2131 1177 2153 somnos
1216 2120 1397 2165 abrumpit
1432 2131 1520 2154 cura
1558 2119 1750 2155 salubres'

222 2170 368 2224 [yeory.
403 2174 445 2210 lll
475 2170 576 2224 ¹530]
668 2186 830 2209 somnum
860 2171 909 2211 π’
939 2187 1089 2209 somnus
1119 2189 1142 2212 r
1163 2187 1175 2212 1
1194 2187 1222 2223 y
1322 2177 1372 2214 19
1403 2176 1518 2214 libicis
1548 2189 1572 2227 y
1593 2177 1666 2214 Εε

218 2228 367 2280 lapillis]
399 2231 533 2276 tapetis
566 2232 720 2268 Bentlei
755 2244 980 2278 superuacua
1016 2234 1164 2279 suspicio
1202 2231 1282 2279 opp.
1311 2234 1471 2282 floriley.
1503 2234 1750 2271 Nostradam.

333 2287 383 2323 21
416 2288 535 2323 riuum
566 2281 628 2323 52'
655 2289 815 2336 florileg).
848 2289 1094 2326 Nostradam.
1204 2296 1284 2336 post
1313 2302 1351 2326 u.
1385 2289 1436 2325 22
1467 2292 1506 2327 in
1535 2303 1561 2339 y
1593 2286 1658 2341 [π]
1690 2303 1750 2326 sex

218 2357 279 2379 uu.
311 2345 404 2379 erasi
431 2350 532 2390 sunt,
573 2350 648 2379 tum
678 2346 834 2389 sequitur
864 2357 900 2382 u.
935 2344 986 2382 23
1096 2345 1147 2381 22
1181 2342 1314 2396 uarias]
1348 2347 1470 2391 parias
1499 2358 1526 2394 y
1558 2343 1752 2397 [Lambini

218 2407 251 2435 et
294 2401 445 2438 Vazartz·
473 2397 602 2450 codd]
625 2405 718 2446 sort,
751 2403 842 2438 coni.
873 2402 1004 2438 Lamb.
1085 2403 1261 2451 conspicit
1281 2415 1304 2452 γ
1391 2415 1455 2440 αα,
1479 2402 1645 2442 24-28
1677 2406 1745 2440 del.
1799 2412 1801 2414 ·

219 2457 391 2505 Guyetus
478 2456 541 2497 24,
562 2458 719 2505 expelles
751 2454 878 2502 ,Ω’ς”
909 2458 956 2505 (et
987 2471 1083 2496 omn.
1118 2457 1274 2506 Bland.)
1303 2460 1465 2507 florileg).
1499 2460 1745 2497 Nostradam.

218 2514 343 2550 Bentl.
377 2513 538 2558 expellas
565 2524 592 2560 y
624 2510 761 2563 [Mart.
797 2514 954 2552 Sorbon.
988 2516 1135 2552 Valent.
1158 2511 1194 2565 2]
1226 2527 1256 2551 ω
1288 2515 1343 2552 Io.
1378 2516 1579 2553 Saresber.
1613 2516 1746 2554 Hilde-

217 2571 348 2607 bertus
390 2570 609 2607 Vincentius
640 2570 794 2616 repelles
823 2573 1052 2620 slorileqium
1075 2572 1205 2609 Paris.
1226 2572 1364 2609 8818a
1452 2571 1504 2609 25
1535 2577 1747 2618 prorumpet

215 2627 375 2675 florileq.
409 2627 653 2663 Nostradam.
757 2628 897 2664 fastidia
928 2629 967 2665 E
984 2640 1001 2664 ε
1022 2628 1058 2675 (σ
1077 2627 1114 2677 9)
1144 2629 1305 2677 florileq.
1338 2629 1583 2665 Nostradam.
1614 2629 1742 2667 Bentl.

218 2683 358 2732 fastigia
378 2695 402 2732 y
422 2684 460 2720 F
477 2679 518 2718 λ’
539 2683 578 2730 (ν
598 2679 679 2720 πά
701 2696 723 2719 r
743 2696 768 2720 v
790 2691 823 2719 et
850 2682 875 2730 β
896 2696 912 2720 2
941 2685 1079 2730 Fran.)
1111 2685 1270 2729 uestigia
1300 2696 1327 2732 y
1355 2681 1400 2734 [β
1427 2695 1437 2721 1
1467 2685 1742 2734 Bamberyens.

219 2739 426 2776 Barcinon.
459 2739 485 2775 4
506 2734 671 2790 manat]
704 2740 981 2778 Stallbaumms
1010 2745 1054 2787 qs.
1088 2741 1224 2778 Senec.
1264 2743 1373 2788 epist.
1409 2740 1509 2788 119,
1541 2741 1586 2779 5:
1625 2741 1745 2776 ‘inter

216 2795 358 2840 reliqua
388 2796 454 2829 hoc
485 2797 591 2830 uobis
622 2797 809 2842 praestitit
829 2802 962 2831 natura
991 2797 1248 2844 praecipuum;
1280 2797 1378 2843 quod
1402 2798 1612 2832 necessitati
1638 2799 1744 2833 fasti-

215 2850 311 2885 dium
343 2853 531 2886 excussit’
