1890 3106
695 137 778 163 Lm.
811 136 826 162 1
857 135 900 169 ιτ,
924 135 1038 162 59-62,
1066 135 1111 170 18,
1137 134 1220 161 1—1‘1
1648 119 1730 162 267

305 248 397 288 dum
430 246 546 289 *uolt
575 246 740 288 libertas
771 247 848 288 dici
879 260 987 288 mera
1017 259 1195 300 ueraque
1226 248 1400 295 uirtus,

305 324 432 363 uirtus
464 328 523 363 est
554 322 732 363 medium
764 323 953 364 uitiorum
985 327 1025 363 et
1055 323 1254 376 utrimque
1285 322 1505 363 reductum.

304 395 404 437 alter
433 398 475 437 in
506 397 743 448 obsequium
775 396 863 450 plus
894 409 1021 450 aequo
1053 409 1206 450 pronus
1237 402 1277 436 et
1306 397 1376 437 imi
1689 402 1733 433 10

306 471 461 511 derisor
491 470 584 511 lecti
613 472 671 511 sic
701 476 840 512 nutum
873 470 1007 511 diuitis
1038 472 1195 518 horret,

304 547 361 585 sic
391 547 507 586 iterat
537 557 657 586 uoces
689 550 728 586 et
758 545 883 586 uerba
916 546 1098 586 cadentia
1130 545 1251 592 tollit,

303 625 346 660 ut
375 632 545 673 puerum
577 632 699 660 saeuo
731 619 873 660 credas
903 620 1047 660 dictata
1081 621 1271 672 magistro

303 694 472 734 reddere
502 693 566 734 uel
596 695 721 747 partis
751 695 915 734 mimum
949 699 1120 735 tractare
1151 693 1367 739 secundas;

304 768 402 809 aiter
432 768 617 809 *rixator
648 769 696 809 de
726 767 815 809 lana
847 781 966 822 saepe
998 770 1158 822 caprina
1598 762 1601 764 ’
1690 775 1730 806 15

304 848 529 896 propugnat
559 844 676 895 nugis
707 848 901 884 armatus:
935 843 1112 884 ‘scilieet
1141 848 1184 883 ut
1214 856 1294 883 non

305 919 356 957 sit
387 917 484 957 mihi
515 918 644 970 prima
675 917 773 958 fides
807 923 846 958 et
877 930 974 958 uere
1004 917 1109 971 quod
1142 917 1271 971 piacet
1302 925 1344 957 ut
1375 930 1454 957 non

189 1056 461 1085 TESTIMONIA.

282 1113 322 1145 12
347 1112 393 1147 cf.
420 1111 558 1145 ‘uerba
584 1111 694 1144 dubie
720 1110 918 1144 cadentia’
944 1111 1071 1145 Senec.
1100 1113 1211 1156 epist.
1234 1113 1290 1154 49,
1319 1113 1350 1145 7.

186 1229 316 1257 VARIA
344 1229 514 1257 LECTIO.

190 1291 412 1336 horridulos‚
446 1292 572 1336 rudes,
603 1291 774 1340 pusillos,
806 1291 940 1326 hircos?
962 1291 1049 1326 mihi
1071 1291 1166 1327 filios
1189 1291 1359 1327 subulci’
1389 1299 1422 1329 et
1443 1292 1486 1329 XI
1510 1293 1578 1340 11,
1603 1293 1730 1330 1—3:

189 1347 299 1383 etolle
337 1361 431 1395 puer
468 1348 601 1384 calices
638 1349 826 1396 tepidique
864 1352 1068 1384 toreumata
1099 1349 1195 1386 Nili:
1234 1352 1271 1384 et
1308 1350 1393 1384 mihi
1432 1362 1568 1387 secura
1599 1351 1730 1396 pocula

189 1406 296 1441 trade
326 1417 456 1453 manu,
487 1406 576 1442 trita
606 1411 755 1452 patrum
785 1406 898 1441 labris
929 1411 966 1441 et
996 1410 1135 1441 tonso
1168 1418 1261 1452 pura
1289 1406 1482 1442 ministro’
1515 1412 1551 1445 et
1581 1408 1729 1445 serum!

189 1464 229 1511 3,
261 1462 316 1501 30
345 1474 450 1512 sqq..·
499 1461 636 1498 ‘rideri
666 1463 786 1510 possit
816 1475 859 1498 eo
891 1464 990 1510 quod
1027 1464 1264 1498 rusticius
1305 1469 1445 1499 tonso
1483 1469 1571 1510 toga
1601 1465 1732 1499 defluit

188 1526 227 1555 et
256 1520 347 1555 male
376 1520 482 1554 laxus
512 1520 548 1554 in
582 1521 676 1567 pede
706 1521 853 1555 calceus
884 1519 1035 1556 haeret'
1066 1522 1227 1558 Persius
1257 1533 1288 1559 s.
1319 1522 1359 1570 3,
1382 1521 1435 1560 53
1458 1533 1562 1570 sqq..·
1594 1520 1730 1568 equae-

188 1589 261 1624 que
291 1577 399 1612 docet
428 1577 578 1623 sapiens
608 1578 770 1612 bracatis
799 1577 907 1612 iniita
937 1578 1059 1612 Medis
1091 1578 1275 1625 porticus,
1315 1579 1496 1613 insomnis
1527 1579 1668 1625 quibus
1695 1585 1732 1613 et

188 1635 394 1669 detonsa
423 1634 653 1669 iuuentus
685 1635 940 1680 inuigilat,
972 1635 1177 1682 siliquis
1210 1640 1254 1670 et
1284 1636 1457 1681 grandi
1488 1641 1620 1682 pasta
1650 1647 1731 1681 po-

188 1690 338 1726 lenta'
370 1693 518 1737 denique
547 1697 592 1736 cs.
630 1693 885 1740 Theophrast.
910 1693 1021 1730 char.
1047 1692 1097 1730 19
1120 1692 1204 1741 (10)
1226 1692 1253 1730 4
1340 1706 1378 1731 u.
1402 1693 1427 1732 8
1458 1695 1524 1729 hoc
1553 1695 1628 1730 loco
1659 1706 1728 1730 om.

186 1762 210 1798 9
231 1748 278 1797 (et
298 1761 327 1786 π
349 1748 377 1797 1)
466 1749 490 1787 8
514 1749 593 1787 uult
614 1746 751 1796 2⁶3⁰
772 1746 887 1798 Pph!
905 1752 993 1798 flor.
1019 1750 1248 1787 Nostr.cons.
1272 1764 1297 1787 ν
1384 1751 1453 1788 dici
1474 1762 1571 1788 mera
1591 1747 1665 1788 52⁰
1679 1743 1730 1795 13⁰

186 1808 276 1854 flor.
298 1807 429 1843 Nostr.
459 1817 558 1840 mera
587 1807 659 1840 dici
678 1819 704 1855 y
725 1819 756 1843 ω
845 1807 868 1844 9
901 1808 1078 1844 uiciorum
1100 1806 1121 1843 λ
1141 1818 1158 1843 ε
1246 1814 1442 1857 utrumque
1466 1820 1491 1858 y
1511 1807 1551 1856 (a
1573 1821 1610 1845 a.
1633 1807 1730 1856 ras.)

188 1865 372 1912 utrimque
403 1857 504 1900 cett.'
523 1858 572 1907 ς”
603 1864 702 1911 ΡρῘι.
735 1864 881 1912 Porplz.
915 1863 1091 1910 utrinque
1122 1864 1185 1913 Pf.
1216 1867 1307 1913 flor.
1332 1866 1462 1903 Nostr.
1552 1866 1729 1903 redictum

189 1921 227 1957 E
248 1931 261 1957 1
352 1920 405 1958 10
426 1919 640 1969 obsequium
661 1916 734 1957 52⁰
754 1917 805 1965 ς”
826 1916 939 1969 ΡρΙῑ.’
956 1923 1046 1969 flor.
1070 1921 1201 1959 Nostr.
1289 1922 1371 1971 plus
1393 1919 1529 1973 aequo]
1552 1923 1634 1972 plus
1657 1935 1666 1960 :
1689 1935 1697 1959 :
1720 1935 1729 1959 :

187 1988 260 2026 quo
281 1990 299 2015 ε
390 1976 439 2013 12
471 1977 533 2026 Sic
564 1983 671 2012 uerat
702 1989 814 2012 uoces
844 1977 915 2026 (=.-:
943 1991 1051 2014 ueras
1079 1991 1183 2014 uoces
1202 1991 1275 2014 esse
1295 1980 1388 2015 iubet
1410 1976 1479 2031 [!])
1500 1992 1526 2028 y
1549 1976 1729 2030 [Rarthz'z'

189 2036 271 2072 cod.
305 2031 603 2085 uetustissimus]
635 2047 717 2082 opp.
746 2037 835 2084 flor.
861 2036 991 2073 Nostr.
1022 2042 1055 2072 et
1083 2036 1232 2083 improb.
1262 2037 1390 2074 Bentl.
1498 2032 1554 2087 et]
1585 2042 1643 2074 set
1663 2038 1726 2074 An

188 2091 268 2139 (sed
291 2104 314 2129 a
337 2090 365 2139 1)
453 2092 620 2129 cadencia
641 2092 662 2128 λ
752 2092 803 2130 13
835 2103 924 2131 seuo
947 2103 968 2130 ε
1057 2092 1109 2130 14
1131 2095 1243 2143 partis
1265 2085 1316 2130 A'
1338 2091 1388 2143 (v)
1409 2106 1435 2142 y
1458 2089 1691 2144 [Mellicens.
1717 2105 1728 2131 1

188 2178 251 2207 aut
276 2184 341 2220 pr.
365 2172 573 2210 Parisinus
594 2172 705 2210 8214
739 2169 974 2224 Valentiam]
997 2174 1096 2221 Pplz.
1130 2155 1244 2224 parti-is
1265 2186 1289 2224 y
1318 2173 1399 2223 pcis
1419 2186 1444 2222 9
1473 2178 1595 2223 partes
1627 2168 1732 2212 cells

190 2225 244 2273 ς”
266 2229 330 2277 Pf'.
353 2231 441 2277 flor.
460 2230 590 2267 Nostr,
665 2230 810 2266 mimum
821 2223 930 2275 Ω,”ς
948 2230 995 2278 (et
1016 2231 1140 2268 Fran.
1159 2230 1278 2278 Lz'ps.)
1299 2231 1365 2279 Pf.
1388 2231 1567 2266 minimum
1582 2228 1670 2282 ιτ][π
1691 2243 1729 2269 (ι.

189 2282 290 2336 νας]
324 2286 470 2321 nimium
501 2299 526 2324 υ
546 2300 572 2336 y
595 2283 640 2338 [β
663 2298 675 2324 1
697 2288 833 2335 Reyin.
865 2284 897 2338 1]
924 2290 1014 2336 flor.
1038 2288 1168 2325 Nostr.
1281 2288 1332 2325 15
1364 2288 1506 2322 rixator
1534 2289 1731 2324 verisimilis

187 2343 333 2380 Mureti
360 2344 582 2392 coniectura,
615 2347 760 2391 defensa
789 2357 852 2391 per
881 2346 1002 2382 Feam
1032 2347 1125 2382 conl.
1158 2345 1381 2391 Quintilian.
1415 2348 1502 2383 inst.
1525 2345 1571 2382 xl
1598 2346 1619 2382 1
1652 2345 1728 2384 Iul.

169 2401 344 2438 ,Fir-mic.
376 2403 423 2439 de
454 2412 581 2439 error.
596 2402 707 2450 prof.
730 2400 838 2450 religi.
863 2402 910 2449 5,
932 2402 957 2440 8
990 2409 1022 2438 et
1051 2407 1097 2449 cf.
1130 2401 1379 2448 ‘promissor'
1412 2407 1488 2440 art.
1516 2408 1621 2451 poet.
1648 2403 1728 2441 138

187 2457 329 2492 rixatus
352 2472 378 2507 y
401 2454 465 2509 [V
480 2465 512 2494 et
537 2458 557 2495 1
583 2460 635 2496 aL
656 2455 820 2510 Bland]
853 2459 991 2496 rixatur
1017 2455 1092 2496 5>st
1113 2455 1166 2503 ς”
1196 2459 1244 2508 (et
1266 2459 1290 2496 2
1314 2459 1471 2508 Bland.)
1501 2456 1614 2508 Pplz.'
1639 2462 1728 2508 flor.

189 2514 319 2552 Nostr.
343 2555 347 2559 ,
413 2527 500 2565 sepe
521 2516 561 2552 Ε
579 2515 600 2552 λ
677 2516 828 2562 caprina
858 2520 895 2550 et
916 2517 1045 2554 Bentl.
1135 2516 1187 2555 16
1210 2517 1341 2562 nugis,
1374 2522 1536 2552 armatus
1567 2517 1728 2552 scilicet:

188 2569 252 2606 ‘ut
274 2584 345 2606 non
369 2573 645 2621 Doederliuus,
674 2576 789 2616 falso:
818 2586 903 2608 nam
922 2575 1103 2620 particula
1123 2574 1266 2609 scilicet
1283 2579 1362 2619 sere
1381 2587 1577 2620 numquam
1599 2575 1635 2610 in
1656 2575 1727 2621 epi-

185 2630 285 2664 stulis
303 2631 415 2666 utitur
436 2630 628 2668 Horatius
648 2632 716 2666 πίει·
731 2631 921 2666 coniuncta
939 2632 1139 2678 particulae
1160 2635 1220 2668 ut:
1243 2630 1402 2666 ‘scilicet
1423 2630 1479 2665 ut'
1505 2631 1610 2669 Ouid.
1635 2637 1683 2669 tr.
1700 2632 1727 2668 ΙΙ

191 2686 255 2723 17.
273 2686 299 2722 V
316 2687 354 2735 7,
372 2687 409 2727 5.
433 2687 473 2734 8,
489 2687 555 2725 27.
571 2688 668 2726 Stat.
692 2689 806 2726 Theb.
824 2687 866 2724 ΙΙΙ
885 2687 965 2727 652
983 2689 1120 2726 Senec.
1139 2690 1186 2727 de
1201 2691 1283 2726 uita
1305 2690 1418 2726 beata
1438 2688 1504 2736 18,
1523 2688 1561 2726 3.
1582 2687 1726 2727 Auian.

184 2742 269 2790 fab.
293 2743 361 2792 27,
383 2744 422 2782 4.
446 2744 514 2792 28,
538 2745 560 2782 7
650 2742 827 2796 armatus]
851 2745 1033 2781 animatus
1056 2746 1295 2784 Ribbeckius
1322 2759 1403 2793 opp.
1426 2748 1514 2794 flor.
1540 2746 1671 2784 Nostr.
1695 2753 1728 2782 et

187 2796 482 2850 cs.⁴Hieronym.
502 2804 612 2849 epist.
636 2804 689 2840 ad
708 2803 892 2840 Eustoch.
913 2802 986 2839 22:
1009 2803 1067 2838 ‘os
1087 2804 1284 2838 barbarum
1307 2808 1343 2837 et
1364 2814 1500 2849 procax
1522 2807 1560 2837 et
1579 2803 1615 2838 in
1639 2816 1727 2838 con-

191 2857 285 2891 uicia
306 2871 449 2905 semper
470 2863 646 2894 armatum
660 2860 671 2877 ’
747 2872 782 2897 u.
809 2860 859 2897 17
882 2873 949 2896 om..
970 2873 997 2910 y
1015 2857 1128 2912 [Par.
1150 2857 1282 2911 8216]
1350 2860 1434 2909 quid
1459 2861 1568 2909 Epr.
1589 2874 1626 2898 α.
1644 2873 1725 2898 ras.
