1820 3094
713 99 797 126 Lm.
828 99 862 126 11
892 100 926 132 6,
949 98 1066 126 56—'19
1577 81 1659 124 165

235 222 353 263 pasco
384 209 515 250 libatis
545 209 726 263 dapibus.
786 216 907 263 prout
935 212 1079 262 cuique
1110 210 1234 251 libido
1267 215 1344 257 est,

235 286 360 324 siccat
389 284 608 337 inaequalis
639 284 783 324 calices
814 284 981 326 conuiua
1015 283 1167 325 solutus

235 358 390 410 legibus
421 359 593 403 insanis,
627 371 697 398 seu
729 359 815 410 quis
846 359 950 411 capit
980 359 1086 398 acria
1118 359 1231 399 fortis

235 431 377 486 pocula
408 445 479 472 seu
510 432 678 472 modicis
708 433 865 472 uuescit
896 431 1047 472 laetius.
1111 444 1205 484 ergo
1619 439 1663 471 70

235 520 367 547 sermo
397 506 542 552 oritur,
575 519 655 546 non
687 506 736 546 de
766 506 871 546 uillis
903 506 1140 546 domibusue
1170 506 1329 553 alienis,

236 594 311 622 nec
340 580 442 621 male
473 592 600 620 necne
629 580 759 632 Lepos
790 580 925 627 saltet,
957 580 1026 620 sed
1059 580 1164 633 quod
1197 581 1323 631 magis
1355 581 1402 620 ad
1435 594 1507 622 nos

234 656 409 708 pertinet
439 658 478 694 ct
508 654 664 694 nescire
695 653 843 694 malum
875 658 936 694 cst
965 655 1178 706 agitamus,
1211 658 1399 694 utrumne

234 729 383 770 diuitiis
413 728 597 768 homines
628 741 676 768 an
706 730 786 768 sint
817 729 966 768 uirtute
997 727 1123 774 beati,

233 803 382 857 quidue
413 802 459 843 ad
492 803 701 849 amicitiam,
734 815 832 843 usus
862 806 1088 849 rectumne,
1120 802 1252 843 trahat
1282 815 1375 849 nos,
1616 810 1659 842 75

234 882 274 917 et
303 890 403 931 quae
434 878 483 917 sit
514 881 655 917 natura
686 877 782 917 boni
812 889 1093 930 summumque
1125 877 1218 930 quid
1251 879 1349 918 eius.

234 951 400 992 Ceruius
431 951 529 992 haec
560 953 665 991 inter
694 952 852 991 uicinus
882 952 1006 1003 garrit
1035 951 1151 992 anilis

235 1039 283 1065 ex
314 1038 359 1065 re
390 1024 565 1065 fabellas.
627 1026 752 1078 siquis
783 1038 875 1065 nam
906 1025 1038 1066 laudat
1068 1025 1190 1066 Arelli

235 1099 423 1140 sollicitas
452 1100 616 1151 ignarus
646 1111 762 1151 opes,
796 1101 854 1139 sic
886 1100 1029 1152 incipit
1060 1098 1176 1139 ‘olim

121 1268 249 1296 VARIA
277 1267 444 1294 LEc'rm.

236 1336 287 1374 67
295 1336 401 1374 —68
432 1335 582 1384 dapibus
607 1355 656 1362 —
679 1330 806 1385 siccat]
830 1336 927 1371 omis.
950 1348 975 1383 9
994 1331 1176 1387 [Βε9ῖαε]
1266 1337 1317 1374 67
1341 1332 1510 1387 dapibus]
1535 1336 1658 1388 dapib,

122 1413 161 1448 E
182 1390 319 1459 (da'pib3
350 1409 389 1458 a)
492 1414 602 1458 prout
633 1410 711 1457 Εγ
733 1414 768 1456 ψ
795 1420 899 1446 corr.
926 1405 1016 1458 (β’σ
1037 1409 1151 1457 alr)
1182 1414 1226 1447 cii
1256 1415 1296 1447 ut
1326 1412 1364 1447 F
1381 1410 1434 1459 (9)
1462 1407 1546 1462 sss]
1569 1416 1607 1447 ut
1639 1411 1660 1447 λ

122 1469 225 1502 ‘cum
256 1467 300 1502 ad
330 1477 455 1512 agrum
488 1465 649 1500 uenero'
679 1467 798 1504 schol.
829 1465 869 1501 Γ
958 1466 1010 1504 68
1043 1466 1097 1500 si}
1123 1467 1287 1513 inaequa}
1317 1467 1450 1501 calices
1477 1470 1594 1516 yloss.
1624 1470 1663 1505 F

232 1524 428 1573 inaequalis
460 1524 500 1560 E
525 1522 563 1570 (α
583 1525 597 1560 l
618 1536 641 1559 r
660 1522 690 1571 2)
711 1537 737 1572 9
761 1520 1012 1574 [Montepess.
1036 1524 1167 1561 Paris.
1190 1523 1301 1562 8214
1334 1521 1571 1575 Valentiam]
1604 1526 1660 1562 in-

119 1581 257 1632 equalis
286 1594 311 1631 y
337 1580 374 1628 (r
401 1580 429 1627 1)
466 1579 674 1629 inaequales
705 1581 743 1617 F
761 1580 781 1615 λ
802 1591 819 1616 ε
843 1577 881 1624 ς’
912 1579 1011 1628 (Teq:
1040 1594 1065 1629 9
1095 1587 1129 1616 et
1158 1579 1183 1631 β
1216 1581 1243 1629 1)
1359 1578 1534 1632 conuiua]
1568 1593 1658 1619 con-

119 1640 216 1676 uiuia
245 1646 280 1685 ψ
310 1650 347 1674 α.
380 1649 462 1675 ras.
496 1637 516 1673 λ
605 1637 656 1675 69
689 1634 802 1688 capit]
836 1638 938 1683 cupit
967 1638 1001 1674 Ι.
1024 1638 1161 1676 Douza
1193 1638 1374 1684 ‘accipit'
1405 1641 1522 1687 yloss.
1554 1651 1579 1688 γ

121 1695 174 1734 70
204 1692 288 1745 seu]
320 1698 423 1733 omis.
448 1707 464 1731 ε
554 1695 693 1731 uuescit
722 1707 746 1744 γ
766 1707 783 1731 ε
805 1693 842 1742 (σ
863 1707 886 1731 α
908 1707 931 1731 r
951 1702 983 1730 et
1002 1693 1029 1743 β
1051 1706 1063 1732 1
1085 1695 1111 1732 4
1133 1695 1291 1743 Bland.)
1323 1697 1439 1733 uescit
1470 1697 1507 1732 F
1533 1697 1659 1733 hume-

119 1788 188 1824 scit
209 1783 327 1823 λἘ2
347 1792 439 1833 ψῃ.
464 1797 544 1823 ras.
575 1785 612 1834 (9
638 1792 671 1820 et
700 1784 726 1835 β
757 1797 773 1822 2
803 1784 943 1833 Fran.)
974 1758 1130 1823 simescit
1160 1788 1198 1823 E
1241 1798 1244 1799 ⁷
1285 1787 1395 1824 letius
1427 1787 1448 1823 λ
1478 1787 1591 1837 Iccius
1623 1789 1663 1825 E

118 1867 234 1901 lenius
263 1879 288 1915 9
317 1869 370 1912 (et
399 1865 539 1916 Franz)
570 1865 708 1899 lentius
740 1864 898 1902 Peerlk.
996 1865 1045 1902 71
1079 1846 1187 1902 Se’ino
1217 1879 1241 1916 γ
1337 1866 1389 1903 72
1422 1864 1555 1918 necne]
1589 1879 1658 1905 nec

118 1935 135 1960 ε
157 1924 193 1972 (ν
206 1923 294 1971 pr.)
309 1935 336 1970 9
366 1935 447 1970 opp.
479 1917 592 1970 Pph.'
623 1935 668 1956 ne
697 1934 722 1970 9
742 1935 824 1969 opp.
848 1918 961 1969 ΡΜ]
1048 1933 1164 1959 necne
1195 1920 1331 1973 Lepos]
1364 1934 1432 1960 nec
1461 1924 1542 1960 lene
1573 1930 1658 1973 post

116 1982 155 2018 F
180 1991 294 2018 necne
324 1991 439 2029 nepos
470 1992 500 2026 φ
521 1991 537 2016 2
558 1985 593 2027 ψ
624 1992 712 2016 aar.
746 1979 811 2016 ede
841 1990 909 2028 pos
940 1992 971 2026 φ
1002 1992 1090 2016 aar.
1124 1979 1258 2028 edepos
1290 1985 1324 2026 ψ
1355 1993 1443 2017 uar.
1532 1978 1655 2031 lepos]

116 2049 229 2087 nepos
259 2051 283 2087 γ
314 2049 418 2074 corr.
451 2038 471 2072 λ
502 2050 532 2084 φ
563 2048 579 2073 2
609 2042 644 2083 ψ
675 2049 762 2073 aar.
792 2048 819 2083 y
850 2036 954 2085 lepos
984 2048 1008 2085 γ
1039 2049 1076 2073 α.
1109 2048 1190 2074 ras.
1222 2049 1239 2073 ε
1272 2031 1311 2081 ς’
1341 2032 1456 2085 Pplz!
1493 2035 1657 2085 Porph.'

116 2106 183 2144 pos
205 2096 243 2131 Ε
261 2095 405 2140 ‘lepos]
429 2095 572 2128 Nomen
594 2093 781 2139 proprium
804 2093 1049 2139 opinatissimi
1070 2093 1284 2128 saltatoris’
1306 2095 1397 2130 Aer.
1432 2093 1500 2130 <M
1520 2095 1656 2144 edepos

116 2185 246 2223 salt&'
278 2191 312 2232 ψ
419 2190 475 2221 set
504 2197 527 2233 γ
636 2183 688 2220 74
719 2195 763 2220 an
794 2181 886 2235 sint]
919 2196 964 2218 an
997 2160 1099 2221 sintl
1130 2186 1236 2221 ausin
1268 2186 1307 2222 Ε
1334 2197 1379 2218 an
1412 2186 1461 2219 sit
1489 2199 1514 2235 9
1543 2199 1565 2222 r
1588 2199 1655 2234 pr,

232 2242 284 2280 75
316 2239 378 2292 ad]
412 2244 517 2279 omis.
553 2242 590 2278 E
688 2242 854 2278 amititias
886 2241 906 2276 λ
936 2242 1108 2279 amiticias
1129 2239 1179 2278 'E
1286 2242 1338 2280 76
1372 2239 1483 2293 quae]
1518 2254 1589 2292 que
1620 2245 1660 2280 E

228 2296 325 2350 eius]
349 2310 387 2335 es
409 2300 447 2335 Ε
532 2299 583 2335 77
606 2297 757 2334 Ceruius
777 2312 801 2348 γ
822 2295 889 2336 λέ
905 2311 936 2346 φ
952 2310 968 2335 2
985 2311 1072 2336 uar.
1099 2295 1137 2342 ς’
1159 2299 1208 2346 (et
1229 2311 1326 2337 omn.
1351 2298 1511 2348 Bland.)
1532 2301 1655 2338 schol.

114 2405 138 2441 γ
167 2371 305 2427 Οεῐᾞῖιε
338 2391 375 2427 Ε
402 2389 557 2426 Curuius
588 2390 626 2426 F
654 2390 795 2426 turuius
826 2390 864 2426 F
890 2402 978 2427 uar.
1011 2391 1153 2438 turpius
1185 2403 1215 2436 φ
1246 2403 1333 2428 uar.
1367 2396 1401 2438 ψ
1432 2402 1448 2427 3
1479 2377 1579 2428 aar.⁴
1646 2419 1654 2424 .

114 2444 219 2498 haec]
252 2448 317 2481 has
349 2461 372 2484 a
402 2458 419 2483 2
447 2459 471 2496 9
499 2458 524 2494 y
556 2459 638 2492 opp.
671 2442 733 2482 SZ'
752 2442 791 2489 ς’
821 2445 869 2493 (ει
900 2459 995 2484 omn.
1029 2446 1189 2495 Bland.)
1284 2448 1423 2485 uicinus
1454 2442 1573 2484 Fi'z
1594 2444 1656 2496 (β’

113 2514 136 2540 σ
163 2515 179 2541 2
209 2518 232 2542 α
263 2518 284 2541 r
313 2504 430 2551 corr.)
467 2504 607 2541 uicinos
641 2503 661 2538 λ
689 2513 700 2539 1
733 2504 770 2539 Ε
794 2514 811 2540 2
837 2516 862 2554 γ
894 2515 998 2541 corr.
1028 2505 1066 2540 F
1088 2516 1177 2542 uar.
1207 2505 1243 2552 (6
1272 2516 1285 2541 1
1313 2517 1337 2553 9
1365 2517 1388 2540 r
1409 2517 1475 2552 pr.
1501 2512 1533 2539 et
1554 2517 1654 2542 omn.

115 2553 272 2609 Blaiaed.)
305 2562 422 2598 uicino
454 2562 493 2598 Ε
519 2571 532 2597 1
564 2561 705 2597 uicinos
736 2561 774 2596 Ε
801 2562 935 2598 uicinas
965 2573 989 2610 γ
1015 2573 1077 2608 pr.
1109 2560 1135 2609 (l
1161 2561 1189 2610 1)
1297 2561 1399 2598 anilis
1431 2568 1466 2608 ψ
1495 2572 1507 2597 1
1538 2558 1577 2596 λ’
1609 2573 1654 2598 an

113 2653 184 2690 illis
214 2665 245 2701 φ
275 2665 364 2690 aar.
388 2659 422 2700 ψ
441 2664 458 2689 2
486 2655 601 2702 gloss.
626 2657 660 2698 ψ
682 2664 769 2689 uar.
801 2633 903 2689 anilis
933 2658 968 2700 ψ
997 2650 1033 2701 (e
1058 2666 1082 2690 a
1103 2663 1132 2690 3.
1165 2648 1294 2701 manu)
1328 2651 1454 2688 anilles
1477 2664 1507 2699 φ
1539 2651 1651 2688 aniles

105 2706 153 2747 ‘E
169 2722 192 2759 γ
214 2707 256 2753 ς’
279 2712 470 2747 abscisum
491 2722 509 2746 ε
603 2709 655 2747 78
687 2709 799 2757 siquis
829 2705 929 2759 nam]
963 2721 1043 2744 nam
1074 2710 1193 2756 siquis
1216 2717 1238 2745 6
1257 2721 1282 2756 y
1304 2713 1348 2754 cs.
1372 2708 1481 2746 Aer„-
1512 2708 1653 2743 ‘Ordo.

116 2768 207 2801 Nam
242 2767 361 2812 siquis
390 2766 564 2801 Arellium
595 2767 745 2800 diuitem
776 2765 912 2802 laudat.
955 2767 1118 2801 Ceruius
1150 2767 1215 2800 has
1246 2765 1389 2801 fabulas
1420 2766 1466 2799 de
1488 2766 1654 2800 muribus

113 2838 132 2860 e
162 2824 346 2860 contrario
377 2824 493 2858 infert
504 2825 515 2842 ²
