1890 3106
154 206 158 211 .
188 152 271 195 278
710 165 868 194 ΗΟΒΑΤΙ
899 167 1191 196 EPISTVLARVM

301 281 543 331 exiguaeque
577 284 690 330 togae
723 278 881 319 simulet
912 284 1066 319 textore
1098 280 1307 326 Catonem,

302 354 541 393 uirtutemue
571 358 847 406 repraesentet
877 366 1087 405 moresque
1121 354 1303 394 Catonis?
1513 403 1518 406 ι

300 428 410 479 rupit
439 427 624 467 Iarbitam
657 427 884 479 Timagenis
914 427 1067 468 aemula
1097 428 1249 480 lingua,
1676 434 1716 465 15

300 501 393 540 dum
427 501 560 541 studet
589 501 766 541 urbanus
797 502 1003 555 tenditque
1034 502 1206 543 disertus
1242 502 1392 542 haberi.

300 575 447 626 decipit
479 574 681 628 exemplar
711 577 817 616 uitiis
846 575 1058 616 imitabile:
1092 576 1235 627 quodsi

299 648 488 701 pallerem
516 662 628 696 casu,
662 649 847 690 biberent
877 662 1057 703 exangue
1090 651 1303 690 cuminum.

192 822 461 850 TESTIMONIA.

278 874 320 905 13
339 872 385 905 ef.
404 872 583 914 mythogr.
603 873 637 905 11
655 874 721 905 223
748 883 780 914 p.
800 873 863 904 149
881 872 987 912 Bod.;
1015 872 1177 905 ‘Iar-bita
1202 872 1352 908 natione
1370 872 1521 904 Maurus
1545 871 1627 906 fuit.
1662 872 1724 914 qui

186 928 293 960 quum
326 918 564 960 Timagenem
603 917 859 960 philosophum
899 917 1004 950 docte
1043 917 1311 950 declamantem
1351 918 1538 950 incassum
1585 917 1724 950 imitari

187 966 399 1002 conaretur,
426 963 569 995 inuidia
594 963 749 1005 quodam
773 963 879 996 modo
905 963 1074 1006 diruptus
1099 963 1279 996 traditur’
1422 964 1463 996 17
1489 973 1542 1006 sq.
1569 962 1722 1007 florileg.

186 1008 420 1041 Nostradam.
455 1009 608 1051 ‘quodsi
634 1026 671 1031 —
701 1008 903 1041 cuminum'
930 1009 1045 1041 schol.
1071 1009 1171 1041 Pers.
1199 1009 1230 1048 5,
1257 1009 1300 1041 55
1670 1010 1675 1016 '

184 1171 314 1198 VARIA
343 1171 509 1199 LECTIO.

301 1228 350 1265 13
383 1228 603 1274 Exiguaque
635 1233 722 1273 toga
752 1227 857 1263 simul
890 1232 926 1263 et
956 1233 1097 1262 textore
1124 1231 1212 1277 flor.
1236 1230 1365 1266 Nostr.
1389 1229 1479 1264 coni.
1501 1229 1644 1277 Cruqu.

184 1284 360 1333 Exiguae,
395 1288 531 1322 omisso
563 1297 632 1334 que
663 1298 680 1322 ε
701 1285 742 1332 (d
756 1298 820 1332 pr.
844 1292 876 1321 et
896 1284 971 1335 131)
994 1282 1107 1333 1²de
1196 1291 1338 1322 textore
1370 1280 1422 1321 A'
1439 1286 1512 1335 Εγ
1532 1297 1550 1322 ε
1570 1296 1587 1322 2
1608 1293 1634 1328 ς
1653 1285 1719 1335 Pf.

184 1342 328 1389 Porph.
364 1353 405 1378 ex
438 1354 501 1379 010
535 1345 595 1380 uel
616 1354 724 1379 exoro
747 1343 784 1379 F
801 1338 842 1378 λ’
853 1355 870 1380 ε
893 1353 903 1379 1
927 1348 967 1380 ut
989 1342 1097 1390 aiat(
1086 1337 1146 1390 (π’
1166 1350 1197 1378 ct
1217 1341 1243 1392 β
1266 1342 1293 1390 1)
1315 1344 1340 1379 d
1355 1356 1487 1389 parum
1508 1343 1613 1387 liquet
1642 1347 1720 1377 tex

185 1404 299 1444 tuque
327 1411 352 1447 y
383 1394 424 1448 [1
450 1400 592 1437 Bland.
625 1396 749 1450 corn]
783 1407 959 1445 tesquore
988 1412 1014 1447 y
1047 1396 1173 1450 [codd.
1212 1398 1342 1448 (ficti?)
1379 1402 1477 1446 apud
1506 1395 1720 1450 Muretum]

183 1456 362 1493 Muretus
384 1461 507 1493 texor-e
529 1455 549 1491 λ
572 1468 676 1493 οονν.
698 1455 744 1504 (et
765 1457 867 1503 Lips
890 1455 920 1504 2)
940 1469 965 1504 y
988 1462 1012 1493 t.
1037 1458 1135 1504 Pph.
1219 1462 1384 1505 catonem
1406 1456 1438 1492 A
1527 1455 1580 1492 14
1600 1466 1723 1505 repre-

185 1518 306 1549 sentet
325 1525 348 1561 y
365 1514 515 1558 §sentet
531 1508 580 1548 π’
640 1514 779 1550 catinus
798 1526 814 1549 ε
830 1524 839 1549 1
859 1519 899 1550 ut
916 1515 991 1550 uid.
1071 1513 1120 1550 15
1144 1514 1309 1547 iarbitam
1330 1510 1509 1564 y[Barc.
1514 1508 1720 1591 ssMontep]

184 1604 303 1641 schol.
327 1617 349 1640 r
376 1602 584 1655 ssiarbitam
606 1606 632 1641 d
659 1603 857 1652 iarbytham
880 1605 910 1639 Α
933 1616 1036 1643 corr
1061 1601 1138 1652 (π’)
1169 1604 1382 1653 yarhytham
1403 1605 1441 1640 F
1459 1597 1497 1639 λ’
1526 1602 1720 1653 larbilstha

185 1662 222 1697 E
250 1660 421 1697 larbueha'
442 1663 480 1698 E
499 1672 511 1698 1
533 1666 575 1698 ut
604 1662 680 1698 uid.
713 1660 901 1697 tarbitham
923 1673 947 1709 γ
978 1646 1180 1710 tarbythani
1206 1658 1258 1698 A'
1288 1659 1460 1698 larbithra
1492 1672 1509 1697 ε
1539 1659 1718 1705 yarbitam

183 1729 208 1753 v
239 1716 286 1764 (ct
317 1717 478 1764 Frmz.);
514 1719 565 1765 cf.
597 1717 777 1751 ‘Maurus
809 1717 944 1751 larba’
980 1717 1086 1755 Ouid.
1115 1719 1211 1766 fasc.
1243 1717 1284 1754 Ill
1319 1717 1399 1754 552
1525 1717 1719 1766 timagenis

183 1776 221 1811 F
240 1769 280 1809 λ’
301 1773 338 1821 (v
359 1767 437 1810 πά
456 1774 495 1822 v)
516 1770 675 1822 Porph.‘
697 1775 815 1812 schol.
829 1773 867 1809 Γ
890 1776 1096 1819 tymagenis
1118 1783 1140 1810 σ
1161 1777 1186 1812 d
1203 1788 1227 1823 9
1258 1775 1455 1823 timagenes
1475 1774 1509 1810 A
1538 1773 1720 1822 timaginis

184 1833 222 1868 E
240 1830 286 1878 (et
306 1829 346 1880 β)
376 1832 571 1881 tymaginis
591 1844 608 1868 ε
630 1831 677 1879 (et
698 1829 840 1878 Fran.)
935 1831 1051 1868 emula
1082 1844 1099 1868 ε
1188 1831 1310 1880 lingua
1332 1832 1364 1866 A
1383 1844 1408 1881 y
1428 1832 1466 1867 F
1483 1827 1549 1866 λέ
1573 1831 1612 1867 Ε
1628 1841 1644 1867 2
1665 1826 1721 1879 (β’

184 1901 208 1924 -ν
223 1885 295 1924 π’σ
316 1902 339 1925 α
357 1899 460 1925 corr.
480 1890 506 1925 d
523 1901 547 1937 9
566 1901 587 1924 r
607 1900 623 1925 2
640 1887 682 1934 v)
704 1899 789 1924 cena
813 1889 850 1924 E
866 1899 878 1924 1
894 1901 919 1936 y
938 1885 1141 1939 [Nostrad.
1162 1901 1273 1931 uar.;
1305 1900 1395 1934 cena
1413 1889 1537 1925 Fran.
1557 1898 1573 1924 2
1593 1884 1716 1938 uar.],

186 1952 392 1992 receperunt
424 1946 658 1982 Sanadonus
687 1952 719 1980 ει
751 1945 1048 1987 Slctllbaumz'u85
1078 1957 1169 1994 gena
1193 1944 1222 1993 ’γ
1241 1958 1340 1988 ,uam
1373 1955 1572 1992 superscr.
1595 1943 1634 1993 (a
1654 1955 1716 1991 pr.

183 2015 205 2038 r
232 1997 253 2039 2'
278 2001 379 2050 aar.)
406 2014 432 2050 y
464 1999 699 2052 [Barcinon.
732 2013 748 2039 2
775 1999 884 2052 uun]
919 2002 1044 2055 lingue
1077 2014 1099 2038 r
1130 2013 1139 2038 1
1176 1998 1368 2052 [²1ing11a,
1399 2001 1490 2036 alias
1523 2001 1660 2035 coena'
1693 2000 1717 2037 2

184 2055 348 2109 Bland.]
440 2057 663 2104 ‘exemplum
695 2058 799 2094 stulti
830 2059 1023 2092 imitatoris
1054 2059 1291 2105 interposuit.
1332 2070 1412 2092 nam
1445 2058 1500 2092 hic
1530 2058 1718 2093 Barbutha

183 2116 340 2150 Maurus
371 2116 542 2160 regione,
575 2115 821 2151 nomine‘fuit
851 2116 998 2149 Codrus
1029 2114 1178 2163 (cordus
1210 2114 1351 2163 codd),
1391 2115 1455 2162 qui
1485 2115 1568 2149 dum
1597 2115 1719 2149 Tima-

185 2185 313 2217 genem
343 2172 508 2207 imitatur
537 2177 623 2218 post
653 2172 865 2207 conuiuium
898 2178 934 2206 et
963 2172 1061 2207 inter
1090 2173 1222 2218 pocula
1251 2173 1527 2216 declamantem,
1567 2175 1719 2218 propter

183 2230 415 2264 insolentiam
447 2229 605 2264 faciendi
646 2230 744 2276 quod
783 2230 986 2263 conabatur
1023 2229 1105 2275 ipse
1136 2230 1330 2275 disruptus
1366 2233 1435 2266 est.
1494 2229 1717 2274 Timagenes

183 2286 277 2320 enim
307 2287 439 2321 multos
471 2287 672 2321 conabatur
694 2286 865 2320 adhibere
887 2286 1007 2320 socios
1039 2285 1183 2333 (solitos
1204 2283 1420 2334 Porph.')et
1439 2298 1552 2321 cenae
1583 2290 1625 2321 et‘
1652 2286 1714 2321 de-

182 2343 387 2377 clamationi
413 2354 514 2387 suae,
546 2343 704 2389 dumque
727 2344 771 2377 ab
793 2343 847 2377 his
870 2344 1017 2377 multum
1038 2342 1210 2377 laudatur
1231 2343 1275 2377 ad
1296 2343 1532 2378 imitationem
1553 2343 1612 2378 sui
1632 2351 1718 2389 pro-

183 2412 338 2435 uocasse
368 2400 581 2434 Barbutliau
623 2400 832 2448 (hyarbitan
864 2399 1014 2448 Porfi),
1054 2400 1117 2445 qui
1155 2413 1196 2434 se
1233 2404 1270 2434 et
1307 2399 1490 2435 stomacho
1530 2400 1716 2446 subrupst,

182 2457 264 2491 dum
303 2457 536 2501 Timagenem
583 2462 619 2490 et
657 2457 811 2492 dicendo
860 2462 896 2491 et
935 2457 1118 2502 pascendo
1160 2457 1293 2491 amicos
1338 2460 1494 2491 conatur
1532 2458 1715 2503 aequare'

182 2515 375 2562 Porphyr.
411 2512 571 2548 ‘larbita
602 2514 757 2548 Maurus
788 2515 860 2548 fuit
890 2514 953 2560 qui
985 2525 1063 2547 cum
1084 2514 1318 2559 Timagenem
1346 2513 1600 2560 philosophum
1631 2520 1718 2559 post

184 2570 393 2605 conuiuium
426 2574 463 2604 et
502 2571 600 2604 inter
639 2571 770 2616 pocula
800 2571 1059 2605 declamantem
1091 2571 1204 2605 uellet
1232 2571 1364 2605 imitari
1403 2575 1439 2604 et
1470 2582 1542 2604 non
1573 2575 1713 2617 posset,

183 2627 325 2661 inuidia
355 2627 510 2674 quodam
541 2627 644 2661 modo
675 2628 867 2673 disruptus
891 2626 970 2662 est'
992 2629 1111 2665 schol.
1132 2627 1171 2663 Γ
1252 2628 1303 2664 16
1334 2626 1496 2676 tend&q,
1519 2628 1558 2664 E
1583 2628 1714 2673 tendit,

183 2697 250 2719 om.
284 2695 355 2730 que
385 2687 397 2721 l
485 2684 660 2721 dissertus
691 2697 715 2734 γ
803 2685 854 2721 17
887 2684 1088 2729 exemplum
1119 2685 1215 2732 Pplz.
1250 2697 1330 2730 opp.
1363 2679 1523 2730 Porph!
1550 2685 1713 2734 floriley.

184 2741 429 2777 Nostradam.
528 2742 628 2778 uieiis
662 2741 682 2777 λ
777 2738 925 2792 quodsi]
959 2740 1051 2789 qd‘si
1079 2742 1117 2778 E
1133 2752 1150 2777 2
1180 2744 1219 2778 in
1250 2752 1330 2778 ras.
1363 2739 1494 2789 quodsi
1524 2743 1587 2778 uel
1617 2741 1716 2789 quod

184 2797 214 2832 si
236 2794 350 2833 const
371 2799 509 2845 epple.
528 2800 690 2847 florz'ley.
717 2799 899 2836 Nostrad.
932 2798 1020 2843 quid
1053 2798 1084 2831 ἐἰ
1113 2810 1139 2846 y
1171 2799 1390 2835 Glareanus
1426 2797 1537 2842 proh!
1578 2797 1611 2831 si
1642 2798 1713 2836 Sa-

189 2877 365 2916 nadonus
396 2889 463 2911 nec
494 2877 525 2911 si
555 2866 715 2928 Porph.'
831 2878 881 2915 18
913 2856 1067 2917 pallerent
1084 2889 1101 2914 ε
1131 2877 1317 2912 Pallerent
1339 2889 1362 2914 a
1384 2888 1486 2914 corr.
1509 2887 1555 2913 r1
1577 2875 1622 2924 (et
1643 2875 1669 2928 β
1686 2875 1714 2924 1)
1769 2911 1771 2913 ,
