1930 3094
40 929 129 955 (·od‹¹x
141 929 232 955 Barci—

40 965 175 990 nonensis
187 964 230 996 (α)

42 1611 136 1637 codex·
147 1611 228 1637 Bani-

66 1645 216 1679 bergensis

63 2267 153 2294 codex
171 2269 222 2294 Ar-

47 2306 227 2335 gentoraten-

93 2336 133 2362 sis
152 2336 191 2362 111

93 2641 183 2668 codex

84 2675 167 2702 Basil.
189 2675 199 2701 l

245 149 272 173 X
890 143 1124 171 PRAEFATIO

245 259 355 312 quod
393 259 523 298 codex
559 272 584 295 α
626 259 667 296 in
705 256 826 296 rebus
865 257 1188 314 orthographicis
1232 272 1374 309 parum
1413 258 1637 297 tractabilis
1675 263 1774 307 erat,

244 328 397 379 quippe
427 327 497 378 qui
528 325 647 364 modo
678 339 713 363 m
743 325 863 363 modo
895 339 919 362 n
949 325 1068 376 signo
1097 324 1115 332 ‘⁴
1147 326 1334 374 denotet,
1375 326 1434 365 ita
1464 332 1527 373 ut,
1569 327 1776 378 quotiens-

244 407 415 446 cumque
445 394 672 432 litterarum
702 406 727 430 n
757 393 825 431 uel
854 407 890 431 m
911 394 1107 445 exemplis
1129 393 1434 433 occurrentibus
1456 393 1589 432 codex
1607 407 1633 431 α
1659 391 1775 444 (Bar-

243 461 495 513 cinonensis)
529 461 816 512 compendium
848 461 1078 510 exhiberet,
1112 462 1313 514 expressis
1343 461 1387 500 id
1416 461 1554 500 uerbis
1575 461 1776 502 adnotan-

245 530 339 569 dum
361 535 480 568 esset.
522 543 611 568 cum
638 534 854 581 praeterea
881 534 1055 581 utroque
1083 530 1223 569 codice
1245 530 1334 568 sine
1354 529 1438 568 ullo
1461 529 1611 568 damno
1635 518 1775 569 carere

244 598 444 650 possimus
484 603 525 636 et
553 597 872 636 Barcinonensis
913 597 1064 636 codicis
1093 598 1276 637 Ritterus
1315 598 1414 637 satis
1458 602 1610 637 certam
1640 597 1777 636 conla-

244 667 398 704 tionem
429 653 582 716 publici
611 665 710 703 iuris
741 665 900 712 fecerit,
934 666 977 703 in
1008 666 1218 704 uolumine
1247 666 1368 704 tertio
1390 679 1463 704 suo
1483 665 1592 712 loco,
1623 665 1695 704 ubi
1726 665 1778 706 de

244 734 428 785 cognatis
458 734 670 785 utriusque
701 733 851 772 codicis
880 732 995 771 libris
1035 733 1298 782 disseremus,
1337 733 1684 772 memorabiliores
1714 747 1774 772 ar-

244 801 412 854 chetypi
443 801 537 839 libri
567 796 610 838 α’
640 801 838 839 lectiones
869 815 952 840 una
973 814 1063 839 cum
1085 801 1222 840 indice
1244 815 1383 841 eorum
1402 802 1595 849 locorum,
1628 800 1776 853 quibus

242 869 474 908 Ritteriana
503 869 575 908 illa
605 869 756 907 codicis
785 883 811 905 α
841 868 1019 907 conlatio
1052 869 1248 908 mendosa
1278 875 1357 917 est,
1389 869 1647 921 suppleuisse
1675 868 1776 908 satis

244 936 498 975 habebimus.
558 937 625 974 hie
655 942 790 975 autem
821 936 951 975 codex
988 937 1030 974 in
1070 937 1279 976 uolumine
1309 937 1331 975 I
1361 942 1461 976 nota
1490 950 1534 984 oc,
1576 936 1619 974 in
1660 935 1776 976 uolu-

244 1006 354 1044 mine
383 1005 427 1043 11
458 1017 679 1056 numquam
710 1017 758 1042 ea
787 1004 942 1051 littera,
976 1004 1048 1043 sed
1080 1005 1398 1044 Barcinonensis
1430 1005 1595 1056 nomine
1624 1003 1777 1056 ubique

243 1073 430 1124 signatus
461 1073 633 1111 ineunte
663 1072 826 1112 saeculo
847 1061 918 1111 ᾖ
944 1073 986 1111 in
1007 1073 1214 1124 Hispania
1236 1078 1426 1113 exaratus
1458 1085 1546 1112 esse
1566 1072 1776 1124 putandus

245 1147 324 1189 est,
364 1155 475 1179 nunc
506 1141 548 1179 in
578 1140 844 1193 bybliotheca
873 1141 1162 1180 uniuersitatis
1183 1141 1378 1180 Halensis
1414 1145 1537 1181 extat.
1598 1139 1776 1180 liberali-

243 1214 327 1248 tate
359 1209 555 1260 equitis
594 1204 655 1247 de-
686 1208 887 1247 Miihlcr
923 1223 963 1247 u.
997 1209 1054 1247 cl.
1086 1209 1419 1247 Borussorum
1457 1209 1530 1248 rei
1567 1208 1775 1248 littera-

244 1277 350 1315 riae
392 1282 439 1315 et
477 1276 821 1315 scholasticae
852 1276 1108 1328 praefecti
1149 1282 1189 1315 et
1218 1276 1472 1316 humanitate
1509 1275 1775 1315 Theodori

244 1344 458 1396 Bergkii
503 1350 543 1383 et
581 1343 868 1383 Godofredi
907 1344 1236 1396 Bernhardyi
1281 1345 1432 1383 factum
1472 1350 1551 1392 est,
1598 1349 1644 1383 ut
1672 1343 1778 1384 liber

244 1426 317 1464 per
354 1412 434 1451 duo
474 1412 602 1451 ferme
646 1413 796 1451 mensis
836 1412 944 1451 domi
979 1418 1144 1451 nostrae
1182 1418 1429 1461 remaneret,
1477 1414 1534 1451 ita
1570 1417 1615 1452 ut
1654 1412 1777 1452 etiam

243 1481 399 1519 scholia
438 1493 544 1532 quae
583 1480 653 1519 ille
694 1481 879 1519 eontinet
918 1494 1138 1532 excerpere
1176 1486 1216 1519 et
1247 1493 1529 1532 quaecumque
1567 1479 1778 1520 commoda

243 1548 485 1587 uiderentur
522 1549 565 1586 in
602 1561 718 1587 usum
756 1548 876 1587 huius
914 1548 1133 1587 uoluminis
1171 1554 1411 1587 conuertere
1442 1561 1668 1600 possemus.
1726 1562 1778 1587 ex

248 1616 392 1655 eodem
423 1616 537 1654 fonte
567 1617 750 1654 manauit
789 1616 919 1655 codex
948 1615 1263 1667 Bambergensis
1303 1630 1364 1654 nr.
1395 1616 1437 1654 K
1469 1616 1505 1653 2.
1535 1615 1597 1667 (Μ
1625 1616 1688 1656 IV
1718 1615 1776 1667 7.)

244 1689 421 1724 exeunte
451 1684 613 1723 sacculo
632 1672 677 1721 X
708 1684 750 1722 ni
773 1684 954 1722 fallimur
982 1685 1025 1722 in
1049 1683 1272 1722 Germania
1293 1689 1494 1722 exaratus.
1534 1683 1630 1722 olim
1651 1683 1776 1723 fuisse

246 1752 393 1790 dicitur
423 1753 466 1790 in
488 1751 824 1791 esacramentario
845 1751 1013 1791 Ratoldi
1037 1751 1156 1790 Corb.
1180 1766 1241 1792 nr.
1265 1751 1386 1799 587⁹,
1419 1765 1529 1790 nune
1551 1752 1594 1790 in
1616 1751 1774 1804 byblio-

243 1819 362 1858 theca
399 1819 505 1858 cath.
544 1820 712 1871 capituli
750 1819 1066 1871 Bambergensis
1113 1824 1236 1858 extat.
1303 1819 1426 1857 Hunc
1471 1818 1618 1858 librum
1661 1819 1776 1858 cuius

244 1887 398 1925 scholia
429 1900 592 1939 quoque
630 1900 720 1926 eum
750 1888 1050 1926 Barcinonensi
1089 1900 1253 1939 prorsus
1291 1888 1556 1926 consentiunt
1585 1901 1660 1939 per
1688 1887 1776 1926 lon-

245 1969 340 2007 gum
378 1960 535 2006 tempus
575 1955 683 1994 domi
722 1956 909 1994 conferre
957 1954 1124 2002 licebat,
1173 1969 1263 1994 cum
1308 1955 1597 2006 conlegium
1641 1955 1775 1994 inlu-

244 2023 551 2061 strissimum
582 2037 753 2062 eorum
783 2024 867 2075 qui
898 2024 1006 2075 regi
1041 2023 1461 2074 Wirtembergico
1492 2028 1610 2061 sunt
1639 2037 1664 2061 a
1695 2036 1773 2062 re-

243 2090 333 2129 bus
377 2090 710 2130 scholasticis
755 2092 978 2143 sponsione
1019 2104 1063 2129 se
1107 2091 1226 2130 nobis
1265 2091 1561 2130 obstrinxisset.
1632 2105 1775 2130 uerum

244 2159 352 2197 enim
382 2172 480 2197 uero
510 2159 578 2197 hic
606 2158 711 2197 liber
740 2158 907 2197 minime
938 2159 1101 2209 integer
1130 2164 1208 2206 est,
1242 2158 1316 2197 sed
1346 2158 1400 2198 ad
1429 2158 1594 2197 modum
1623 2158 1745 2199 lacer.

355 2260 749 2315 Argentoratensem
786 2261 855 2299 III
883 2278 938 2291 =
974 2260 1262 2313 bybliothecae
1299 2260 1507 2299 seminarii
1545 2245 1790 2313 euangelici*

244 2328 607 2380 Argentoratensis
644 2328 684 2366 A
714 2328 775 2367 IV
808 2329 888 2367 195
930 2329 1025 2366 olim
1056 2329 1113 2367 Io.
1144 2329 1228 2367 Iac.
1261 2327 1447 2367 Gambsii
1485 2342 1592 2367 saec.
1621 2317 1775 2367 ffi—

242 2397 372 2444 XIII,
414 2396 693 2435 continentem
730 2402 858 2435 artem
897 2397 1098 2448 poeticam
1137 2409 1344 2435 sermones
1385 2396 1580 2447 epistulas
1611 2397 1773 2436 Karo-

242 2465 318 2503 lus
348 2464 575 2516 Langius
606 2464 670 2502 uir
701 2463 753 2502 de
783 2464 959 2515 Vegetio
990 2465 1165 2503 maxime
1196 2453 1377 2502 omniuni
1406 2464 1572 2502 meritus
1603 2476 1684 2516 qua
1714 2469 1776 2503 est

242 2533 423 2583 ingenua
454 2544 552 2583 erga
582 2544 658 2570 nos
690 2532 868 2570 amicitia
897 2532 940 2570 in
971 2532 1226 2571 sermonibus
1258 2531 1486 2583 descripsit.

355 2633 479 2671 Basil.
510 2633 532 2671 Ι
561 2650 616 2664 --
645 2632 934 2685 bybliothecae
965 2633 1154 2685 publicae
1184 2633 1423 2672 Basiliensis
1453 2633 1488 2670 F
1517 2632 1580 2672 IV
1601 2633 1654 2671 26
1684 2645 1770 2671 sae-

245 2701 324 2739 culi
360 2701 472 2740 XIII
509 2715 560 2739 ex
600 2715 621 2739 v
666 2701 914 2752 descriptum
957 2701 991 2739 F
1003 2701 1080 2739 rid
1093 2702 1220 2740 erici
1263 2700 1440 2752 Hagen
1453 2700 1600 2739 bachi
1644 2701 1773 2738 nostri

243 2769 365 2806 solita
405 2769 595 2807 comitate
639 2774 679 2807 et
723 2769 871 2807 eximia
917 2769 1185 2808 Francisei
1228 2768 1480 2807 Dorothei
1526 2767 1773 2807 Gerlachi

242 2835 488 2874 liberalitate
520 2837 685 2875 domum
715 2841 925 2888 acceptum
954 2836 1197 2875 contulimus
1229 2837 1328 2888 ipsi,
1366 2836 1564 2888 licuitque
1594 2835 1772 2888 complu-
