<?xml version="1.0" encoding="UTF-8"?>
<!DOCTYPE html PUBLIC "-//W3C//DTD XHTML 1.0 Transitional//EN"
    "http://www.w3.org/TR/xhtml1/DTD/xhtml1-transitional.dtd">
<html xmlns="http://www.w3.org/1999/xhtml" xml:lang="en" lang="en">
 <head>
  <title>
</title>
<meta http-equiv="Content-Type" content="text/html;charset=utf-8" />
  <meta name='ocr-system' content='tesseract 3.04.00' />
  <meta name='ocr-capabilities' content='ocr_page ocr_carea ocr_par ocr_line ocrx_word'/>
</head>
<body>
  <div class='ocr_page' id='page_1' title='image "./operahor02horauoft_0189.png"; bbox 0 0 1820 3094; ppageno 0'>
   <div class='ocr_carea' id='block_1_1' title="bbox 751 99 1686 158">
    <p class='ocr_par' dir='ltr' id='par_1_1' title="bbox 751 99 1686 158">
     <span class='ocr_line' id='line_1_1' title="bbox 751 99 1686 158; baseline -0.001 -6"><span class='ocrx_word' id='word_1_1' title='bbox 751 126 834 152; x_wconf 71' lang='grc' dir='ltr'><strong>ΜΒ.</strong></span> <span class='ocrx_word' id='word_1_2' title='bbox 867 124 901 151; x_wconf 87' lang='lat'><strong>11</strong></span> <span class='ocrx_word' id='word_1_3' title='bbox 925 99 952 158; x_wconf 46' lang='lat'><strong>⁸7,</strong></span> <span class='ocrx_word' id='word_1_4' title='bbox 978 123 1082 150; x_wconf 70' lang='lat' dir='ltr'><strong>”ts—98</strong></span> <span class='ocrx_word' id='word_1_5' title='bbox 1606 109 1686 151; x_wconf 84' lang='lat'><strong>177</strong></span> 
     </span>
    </p>
   </div>
   <div class='ocr_carea' id='block_1_2' title="bbox 215 235 1689 1181">
    <p class='ocr_par' dir='ltr' id='par_1_2' title="bbox 215 235 1689 1181">
     <span class='ocr_line' id='line_1_2' title="bbox 260 235 1396 289; baseline -0.001 -13"><span class='ocrx_word' id='word_1_6' title='bbox 260 237 392 283; x_wconf 85' lang='lat' dir='ltr'><strong>sortis,</strong></span> <span class='ocrx_word' id='word_1_7' title='bbox 426 241 466 276; x_wconf 87' lang='lat' dir='ltr'><strong>et</strong></span> <span class='ocrx_word' id='word_1_8' title='bbox 494 237 533 277; x_wconf 91' lang='lat' dir='ltr'><strong>in</strong></span> <span class='ocrx_word' id='word_1_9' title='bbox 566 249 609 276; x_wconf 89' lang='lat' dir='ltr'><strong>se</strong></span> <span class='ocrx_word' id='word_1_10' title='bbox 638 237 728 288; x_wconf 86' lang='lat' dir='ltr'><strong>ipso</strong></span> <span class='ocrx_word' id='word_1_11' title='bbox 758 241 865 277; x_wconf 87' lang='lat' dir='ltr'><strong>totus</strong></span> <span class='ocrx_word' id='word_1_12' title='bbox 895 240 1001 276; x_wconf 84' lang='lat' dir='ltr'><strong>teres</strong></span> <span class='ocrx_word' id='word_1_13' title='bbox 1033 240 1151 289; x_wconf 86' lang='lat' dir='ltr'><strong>atque</strong></span> <span class='ocrx_word' id='word_1_14' title='bbox 1183 235 1396 282; x_wconf 87' lang='lat' dir='ltr'><strong>rotundus,</strong></span> 
     </span>
     <span class='ocr_line' id='line_1_3' title="bbox 215 309 1178 363; baseline -0.001 -12"><span class='ocrx_word' id='word_1_15' title='bbox 215 325 219 329; x_wconf 53' lang='lat'><strong>⁴</strong></span> <span class='ocrx_word' id='word_1_16' title='bbox 261 312 415 351; x_wconf 76' lang='lat' dir='ltr'><strong>externi</strong></span> <span class='ocrx_word' id='word_1_17' title='bbox 446 311 592 363; x_wconf 84' lang='lat' dir='ltr'>nequid</span> <span class='ocrx_word' id='word_1_18' title='bbox 623 310 755 352; x_wconf 87' lang='lat' dir='ltr'><strong>ualeat</strong></span> <span class='ocrx_word' id='word_1_19' title='bbox 785 323 857 363; x_wconf 88' lang='lat' dir='ltr'><strong>per</strong></span> <span class='ocrx_word' id='word_1_20' title='bbox 887 309 978 350; x_wconf 88' lang='lat' dir='ltr'><strong>leue</strong></span> <span class='ocrx_word' id='word_1_21' title='bbox 1008 312 1178 356; x_wconf 85' lang='lat' dir='ltr'><strong>morari,</strong></span> 
     </span>
     <span class='ocr_line' id='line_1_4' title="bbox 259 385 1350 438; baseline 0 -13"><span class='ocrx_word' id='word_1_22' title='bbox 259 387 298 425; x_wconf 91' lang='lat' dir='ltr'><strong>in</strong></span> <span class='ocrx_word' id='word_1_23' title='bbox 332 398 448 438; x_wconf 89' lang='lat' dir='ltr'><strong>quem</strong></span> <span class='ocrx_word' id='word_1_24' title='bbox 481 397 618 426; x_wconf 88' lang='lat' dir='ltr'><strong>manca</strong></span> <span class='ocrx_word' id='word_1_25' title='bbox 650 386 731 426; x_wconf 83' lang='lat' dir='ltr'><strong>ruit</strong></span> <span class='ocrx_word' id='word_1_26' title='bbox 760 397 920 438; x_wconf 83' lang='lat' dir='ltr'><strong>semper</strong></span> <span class='ocrx_word' id='word_1_27' title='bbox 951 385 1121 425; x_wconf 82' lang='lat' dir='ltr'><strong>fortuna.</strong></span> <span class='ocrx_word' id='word_1_28' title='bbox 1183 390 1350 437; x_wconf 83' lang='lat' dir='ltr'><strong>potesne</strong></span> 
     </span>
     <span class='ocr_line' id='line_1_5' title="bbox 261 458 1454 513; baseline 0 -13"><span class='ocrx_word' id='word_1_29' title='bbox 261 473 306 500; x_wconf 90' lang='lat' dir='ltr'><strong>ex</strong></span> <span class='ocrx_word' id='word_1_30' title='bbox 339 459 401 500; x_wconf 90' lang='lat' dir='ltr'><strong>his</strong></span> <span class='ocrx_word' id='word_1_31' title='bbox 430 465 475 501; x_wconf 88' lang='lat' dir='ltr'><strong>ut</strong></span> <span class='ocrx_word' id='word_1_32' title='bbox 503 460 712 513; x_wconf 86' lang='lat' dir='ltr'><strong>proprium</strong></span> <span class='ocrx_word' id='word_1_33' title='bbox 743 458 840 511; x_wconf 91' lang='lat' dir='ltr'><strong>quid</strong></span> <span class='ocrx_word' id='word_1_34' title='bbox 873 459 1063 499; x_wconf 79' lang='lat' dir='ltr'><strong>noscere?</strong></span> <span class='ocrx_word' id='word_1_35' title='bbox 1100 460 1277 512; x_wconf 88' lang='lat' dir='ltr'><strong>quinque</strong></span> <span class='ocrx_word' id='word_1_36' title='bbox 1307 459 1454 500; x_wconf 83' lang='lat' dir='ltr'><strong>talenta</strong></span> 
     </span>
     <span class='ocr_line' id='line_1_6' title="bbox 258 532 1689 587; baseline -0.001 -13"><span class='ocrx_word' id='word_1_37' title='bbox 258 535 387 587; x_wconf 89' lang='lat' dir='ltr'><strong>poscit</strong></span> <span class='ocrx_word' id='word_1_38' title='bbox 417 538 455 574; x_wconf 90' lang='lat' dir='ltr'><strong>te</strong></span> <span class='ocrx_word' id='word_1_39' title='bbox 487 532 649 578; x_wconf 88' lang='lat' dir='ltr'><strong>mulier,</strong></span> <span class='ocrx_word' id='word_1_40' title='bbox 682 537 802 572; x_wconf 84' lang='lat' dir='ltr'><strong>uexat</strong></span> <span class='ocrx_word' id='word_1_41' title='bbox 830 532 1066 585; x_wconf 80' lang='lat' dir='ltr'><strong>foribusque</strong></span> <span class='ocrx_word' id='word_1_42' title='bbox 1097 533 1303 586; x_wconf 87' lang='lat' dir='ltr'><strong>repulsum</strong></span> <span class='ocrx_word' id='word_1_43' title='bbox 1644 541 1689 572; x_wconf 88' lang='lat'><strong>90</strong></span> 
     </span>
     <span class='ocr_line' id='line_1_7' title="bbox 261 607 1274 662; baseline -0.002 -14"><span class='ocrx_word' id='word_1_44' title='bbox 261 608 466 662; x_wconf 78' lang='lat' dir='ltr'><strong>perfundit</strong></span> <span class='ocrx_word' id='word_1_45' title='bbox 494 607 645 659; x_wconf 85' lang='lat' dir='ltr'><strong>gelida,</strong></span> <span class='ocrx_word' id='word_1_46' title='bbox 677 618 818 647; x_wconf 86' lang='lat' dir='ltr'><strong>rursus</strong></span> <span class='ocrx_word' id='word_1_47' title='bbox 848 613 977 647; x_wconf 88' lang='lat' dir='ltr'><strong>uocat.</strong></span> <span class='ocrx_word' id='word_1_48' title='bbox 1024 608 1135 659; x_wconf 84' lang='lat' dir='ltr'><strong>eripe</strong></span> <span class='ocrx_word' id='word_1_49' title='bbox 1168 608 1274 659; x_wconf 82' lang='lat' dir='ltr'>turpi</span> 
     </span>
     <span class='ocr_line' id='line_1_8' title="bbox 259 680 1500 734; baseline -0.001 -12"><span class='ocrx_word' id='word_1_50' title='bbox 259 682 359 723; x_wconf 90' lang='lat' dir='ltr'><strong>colla</strong></span> <span class='ocrx_word' id='word_1_51' title='bbox 389 683 504 734; x_wconf 87' lang='lat' dir='ltr'><strong>iugo,</strong></span> <span class='ocrx_word' id='word_1_52' title='bbox 538 681 692 728; x_wconf 72' lang='lat' dir='ltr'><strong>“liber,</strong></span> <span class='ocrx_word' id='word_1_53' title='bbox 724 680 827 721; x_wconf 90' lang='lat' dir='ltr'><strong>liber</strong></span> <span class='ocrx_word' id='word_1_54' title='bbox 858 682 1002 727; x_wconf 86' lang='lat' dir='ltr'><strong>sum&#39;&#39;,</strong></span> <span class='ocrx_word' id='word_1_55' title='bbox 1036 681 1099 720; x_wconf 87' lang='lat' dir='ltr'><strong>dic</strong></span> <span class='ocrx_word' id='word_1_56' title='bbox 1129 693 1215 733; x_wconf 86' lang='lat' dir='ltr'><strong>age.</strong></span> <span class='ocrx_word' id='word_1_57' title='bbox 1277 694 1357 721; x_wconf 90' lang='lat' dir='ltr'><strong>non</strong></span> <span class='ocrx_word' id='word_1_58' title='bbox 1390 683 1500 734; x_wconf 86' lang='lat' dir='ltr'><strong>quis:</strong></span> 
     </span>
     <span class='ocr_line' id='line_1_9' title="bbox 257 754 1387 809; baseline -0.003 -12"><span class='ocrx_word' id='word_1_59' title='bbox 257 762 375 809; x_wconf 86' lang='lat' dir='ltr'><strong>urget</strong></span> <span class='ocrx_word' id='word_1_60' title='bbox 406 757 510 797; x_wconf 86' lang='lat' dir='ltr'><strong>enim</strong></span> <span class='ocrx_word' id='word_1_61' title='bbox 542 757 728 797; x_wconf 92' lang='lat' dir='ltr'><strong>dominus</strong></span> <span class='ocrx_word' id='word_1_62' title='bbox 758 759 932 795; x_wconf 82' lang='lat' dir='ltr'><strong>mentem</strong></span> <span class='ocrx_word' id='word_1_63' title='bbox 967 767 1047 795; x_wconf 88' lang='lat' dir='ltr'><strong>non</strong></span> <span class='ocrx_word' id='word_1_64' title='bbox 1079 754 1182 795; x_wconf 87' lang='lat' dir='ltr'><strong>lenis</strong></span> <span class='ocrx_word' id='word_1_65' title='bbox 1213 760 1253 795; x_wconf 92' lang='lat' dir='ltr'><strong>et</strong></span> <span class='ocrx_word' id='word_1_66' title='bbox 1283 757 1387 796; x_wconf 84' lang='lat' dir='ltr'><strong>acris</strong></span> 
     </span>
     <span class='ocr_line' id='line_1_10' title="bbox 260 829 1310 882; baseline -0.002 -11"><span class='ocrx_word' id='word_1_67' title='bbox 260 831 456 872; x_wconf 87' lang='lat' dir='ltr'><strong>subiectat</strong></span> <span class='ocrx_word' id='word_1_68' title='bbox 486 830 589 871; x_wconf 86' lang='lat' dir='ltr'><strong>lasso</strong></span> <span class='ocrx_word' id='word_1_69' title='bbox 621 829 805 870; x_wconf 84' lang='lat' dir='ltr'><strong>stimulos</strong></span> <span class='ocrx_word' id='word_1_70' title='bbox 836 834 1052 882; x_wconf 83' lang='lat' dir='ltr'><strong>uersatque</strong></span> <span class='ocrx_word' id='word_1_71' title='bbox 1083 835 1310 882; x_wconf 81' lang='lat' dir='ltr'><strong>negantem.</strong></span> 
     </span>
     <span class='ocr_line' id='line_1_11' title="bbox 261 903 1689 957; baseline -0.001 -12"><span class='ocrx_word' id='word_1_72' title='bbox 261 905 325 946; x_wconf 91' lang='lat' dir='ltr'><strong>uel</strong></span> <span class='ocrx_word' id='word_1_73' title='bbox 358 919 445 946; x_wconf 93' lang='lat' dir='ltr'><strong>cum</strong></span> <span class='ocrx_word' id='word_1_74' title='bbox 479 905 666 945; x_wconf 80' lang='lat' dir='ltr'>Pausiaca</span> <span class='ocrx_word' id='word_1_75' title='bbox 700 910 855 957; x_wconf 88' lang='lat' dir='ltr'><strong>torpes,</strong></span> <span class='ocrx_word' id='word_1_76' title='bbox 887 905 1047 949; x_wconf 87' lang='lat' dir='ltr'><strong>insane,</strong></span> <span class='ocrx_word' id='word_1_77' title='bbox 1080 903 1244 951; x_wconf 84' lang='lat' dir='ltr'><strong>tabella,</strong></span> <span class='ocrx_word' id='word_1_78' title='bbox 1645 913 1689 944; x_wconf 83' lang='lat'><strong>95</strong></span> 
     </span>
     <span class='ocr_line' id='line_1_12' title="bbox 261 978 1503 1033; baseline 0 -13"><span class='ocrx_word' id='word_1_79' title='bbox 261 981 329 1033; x_wconf 85' lang='lat' dir='ltr'><strong>qui</strong></span> <span class='ocrx_word' id='word_1_80' title='bbox 358 992 502 1033; x_wconf 80' lang='lat' dir='ltr'><strong>peccas</strong></span> <span class='ocrx_word' id='word_1_81' title='bbox 532 980 666 1020; x_wconf 89' lang='lat' dir='ltr'><strong>minus</strong></span> <span class='ocrx_word' id='word_1_82' title='bbox 697 984 814 1031; x_wconf 86' lang='lat' dir='ltr'><strong>atque</strong></span> <span class='ocrx_word' id='word_1_83' title='bbox 845 990 938 1030; x_wconf 85' lang='lat' dir='ltr'><strong>ego,</strong></span> <span class='ocrx_word' id='word_1_84' title='bbox 972 991 1062 1018; x_wconf 92' lang='lat' dir='ltr'><strong>cum</strong></span> <span class='ocrx_word' id='word_1_85' title='bbox 1094 978 1208 1018; x_wconf 89' lang='lat' dir='ltr'><strong>Fului</strong></span> <span class='ocrx_word' id='word_1_86' title='bbox 1239 979 1503 1032; x_wconf 73' lang='lat' dir='ltr'><strong>Rutubaeque</strong></span> 
     </span>
     <span class='ocr_line' id='line_1_13' title="bbox 258 1053 1156 1105; baseline -0.002 -11"><span class='ocrx_word' id='word_1_87' title='bbox 258 1059 326 1094; x_wconf 90' lang='lat' dir='ltr'><strong>aut</strong></span> <span class='ocrx_word' id='word_1_88' title='bbox 356 1053 599 1094; x_wconf 87' lang='lat' dir='ltr'><strong>Placideiani</strong></span> <span class='ocrx_word' id='word_1_89' title='bbox 631 1058 819 1094; x_wconf 86' lang='lat' dir='ltr'><strong>contento</strong></span> <span class='ocrx_word' id='word_1_90' title='bbox 850 1053 999 1105; x_wconf 89' lang='lat' dir='ltr'><strong>poplite</strong></span> <span class='ocrx_word' id='word_1_91' title='bbox 1032 1054 1156 1092; x_wconf 87' lang='lat' dir='ltr'><strong>miror</strong></span> 
     </span>
     <span class='ocr_line' id='line_1_14' title="bbox 259 1126 1267 1181; baseline -0.002 -13"><span class='ocrx_word' id='word_1_92' title='bbox 259 1127 410 1179; x_wconf 76' lang='lat' dir='ltr'><strong>proella</strong></span> <span class='ocrx_word' id='word_1_93' title='bbox 442 1128 601 1169; x_wconf 83' lang='lat' dir='ltr'><strong>rubrica</strong></span> <span class='ocrx_word' id='word_1_94' title='bbox 633 1129 737 1181; x_wconf 84' lang='lat' dir='ltr'><strong>picta</strong></span> <span class='ocrx_word' id='word_1_95' title='bbox 769 1132 833 1167; x_wconf 86' lang='lat' dir='ltr'><strong>aut</strong></span> <span class='ocrx_word' id='word_1_96' title='bbox 865 1126 1060 1173; x_wconf 83' lang='lat' dir='ltr'><strong>carbone,</strong></span> <span class='ocrx_word' id='word_1_97' title='bbox 1093 1126 1203 1167; x_wconf 90' lang='lat' dir='ltr'><strong>uelut</strong></span> <span class='ocrx_word' id='word_1_98' title='bbox 1234 1128 1267 1167; x_wconf 88' lang='lat' dir='ltr'><strong>si</strong></span> 
     </span>
    </p>
   </div>
   <div class='ocr_carea' id='block_1_3' title="bbox 145 1258 417 1286">
    <p class='ocr_par' dir='ltr' id='par_1_3' title="bbox 145 1258 417 1286">
     <span class='ocr_line' id='line_1_15' title="bbox 145 1258 417 1286; baseline -0.007 0"><span class='ocrx_word' id='word_1_99' title='bbox 145 1258 417 1286; x_wconf 77' lang='lat' dir='ltr'>TESTIMONIA.</span> 
     </span>
    </p>
   </div>
   <div class='ocr_carea' id='block_1_4' title="bbox 144 1308 1690 1484">
    <p class='ocr_par' dir='ltr' id='par_1_4' title="bbox 144 1308 1690 1484">
     <span class='ocr_line' id='line_1_16' title="bbox 235 1308 1689 1355; baseline 0.001 -10"><span class='ocrx_word' id='word_1_100' title='bbox 235 1313 280 1345; x_wconf 86' lang='grc'>86</span> <span class='ocrx_word' id='word_1_101' title='bbox 306 1312 498 1355; x_wconf 82' lang='lat' dir='ltr'><strong>Augustin.</strong></span> <span class='ocrx_word' id='word_1_102' title='bbox 531 1311 577 1343; x_wconf 86' lang='lat' dir='ltr'><strong>de</strong></span> <span class='ocrx_word' id='word_1_103' title='bbox 609 1311 819 1354; x_wconf 78' lang='lat' dir='ltr'><strong>quantitate</strong></span> <span class='ocrx_word' id='word_1_104' title='bbox 849 1311 994 1343; x_wconf 81' lang='lat' dir='ltr'><strong>animae</strong></span> <span class='ocrx_word' id='word_1_105' title='bbox 1020 1311 1064 1343; x_wconf 81' lang='lat'><strong>27</strong></span> <span class='ocrx_word' id='word_1_106' title='bbox 1093 1308 1127 1354; x_wconf 89' lang='lat'><strong>[1</strong></span> <span class='ocrx_word' id='word_1_107' title='bbox 1151 1311 1238 1343; x_wconf 61' lang='grc' dir='ltr'><strong>414ε</strong></span> <span class='ocrx_word' id='word_1_108' title='bbox 1262 1310 1371 1354; x_wconf 88' lang='lat' dir='ltr'><strong>Ben.]</strong></span> <span class='ocrx_word' id='word_1_109' title='bbox 1398 1311 1445 1344; x_wconf 87' lang='lat' dir='ltr'><strong>cf.</strong></span> <span class='ocrx_word' id='word_1_110' title='bbox 1466 1309 1604 1345; x_wconf 85' lang='lat' dir='ltr'><strong>Auson.</strong></span> <span class='ocrx_word' id='word_1_111' title='bbox 1633 1313 1689 1348; x_wconf 88' lang='lat' dir='ltr'><strong>ed.</strong></span> 
     </span>
     <span class='ocr_line' id='line_1_17' title="bbox 147 1356 1690 1401; baseline 0 -10"><span class='ocrx_word' id='word_1_112' title='bbox 147 1360 200 1400; x_wconf 84' lang='lat'><strong>16,</strong></span> <span class='ocrx_word' id='word_1_113' title='bbox 226 1361 247 1391; x_wconf 85' lang='lat'>5</span> <span class='ocrx_word' id='word_1_114' title='bbox 273 1369 324 1401; x_wconf 81' lang='lat' dir='ltr'><strong>sq.</strong></span> <span class='ocrx_word' id='word_1_115' title='bbox 352 1361 543 1397; x_wconf 77' lang='lat' dir='ltr'><strong>‘securus‚</strong></span> <span class='ocrx_word' id='word_1_116' title='bbox 569 1356 695 1389; x_wconf 85' lang='lat' dir='ltr'><strong>mundi</strong></span> <span class='ocrx_word' id='word_1_117' title='bbox 720 1357 840 1389; x_wconf 85' lang='lat' dir='ltr'><strong>instar</strong></span> <span class='ocrx_word' id='word_1_118' title='bbox 861 1356 1015 1397; x_wconf 85' lang='lat' dir='ltr'><strong>habens,</strong></span> <span class='ocrx_word' id='word_1_119' title='bbox 1042 1359 1142 1395; x_wconf 68' lang='lat' dir='ltr'><strong>teres</strong></span> <span class='ocrx_word' id='word_1_120' title='bbox 1167 1360 1277 1399; x_wconf 82' lang='lat' dir='ltr'><strong>atque</strong></span> <span class='ocrx_word' id='word_1_121' title='bbox 1305 1357 1485 1391; x_wconf 85' lang='lat' dir='ltr'><strong>rotundus</strong></span> <span class='ocrx_word' id='word_1_122' title='bbox 1511 1361 1690 1392; x_wconf 82' lang='lat' dir='ltr'><strong>externae</strong></span> 
     </span>
     <span class='ocr_line' id='line_1_18' title="bbox 145 1402 1689 1447; baseline 0 -10"><span class='ocrx_word' id='word_1_123' title='bbox 145 1404 282 1447; x_wconf 87' lang='lat' dir='ltr'><strong>nequid</strong></span> <span class='ocrx_word' id='word_1_124' title='bbox 308 1404 423 1436; x_wconf 83' lang='lat' dir='ltr'><strong>labris</strong></span> <span class='ocrx_word' id='word_1_125' title='bbox 449 1414 514 1446; x_wconf 89' lang='lat' dir='ltr'><strong>per</strong></span> <span class='ocrx_word' id='word_1_126' title='bbox 538 1403 640 1444; x_wconf 73' lang='lat' dir='ltr'><strong>leuia</strong></span> <span class='ocrx_word' id='word_1_127' title='bbox 665 1402 786 1435; x_wconf 82' lang='lat' dir='ltr'><strong>sidat’</strong></span> <span class='ocrx_word' id='word_1_128' title='bbox 912 1403 956 1435; x_wconf 87' lang='lat'><strong>88</strong></span> <span class='ocrx_word' id='word_1_129' title='bbox 984 1403 1041 1434; x_wconf 83' lang='lat' dir='ltr'><strong>‘in</strong></span> <span class='ocrx_word' id='word_1_130' title='bbox 1068 1421 1110 1425; x_wconf 88' lang='lat'><strong>—-</strong></span> <span class='ocrx_word' id='word_1_131' title='bbox 1137 1402 1312 1444; x_wconf 80' lang='lat' dir='ltr'><strong>fortuna’</strong></span> <span class='ocrx_word' id='word_1_132' title='bbox 1347 1403 1500 1446; x_wconf 86' lang='lat' dir='ltr'><strong>florileg.</strong></span> <span class='ocrx_word' id='word_1_133' title='bbox 1529 1405 1689 1440; x_wconf 84' lang='lat' dir='ltr'><strong>Parisin.</strong></span> 
     </span>
     <span class='ocr_line' id='line_1_19' title="bbox 144 1449 585 1484; baseline -0.002 -1"><span class='ocrx_word' id='word_1_134' title='bbox 144 1451 234 1484; x_wconf 85' lang='lat'><strong>8069</strong></span> <span class='ocrx_word' id='word_1_135' title='bbox 258 1449 493 1484; x_wconf 80' lang='lat' dir='ltr'><strong>Nostradam.</strong></span> <span class='ocrx_word' id='word_1_136' title='bbox 521 1450 585 1482; x_wconf 89' lang='grc'><strong>188</strong></span> 
     </span>
    </p>
   </div>
   <div class='ocr_carea' id='block_1_5' title="bbox 149 1514 420 1518">
    <p class='ocr_par' dir='ltr' id='par_1_5' title="bbox 149 1514 420 1518">
     <span class='ocr_line' id='line_1_20' title="bbox 149 1514 420 1518; baseline 0 0"><span class='ocrx_word' id='word_1_137' title='bbox 149 1514 420 1518; x_wconf 95' lang='lat' dir='ltr'><strong> </strong></span> 
     </span>
    </p>
   </div>
   <div class='ocr_carea' id='block_1_6' title="bbox 145 1565 476 1596">
    <p class='ocr_par' dir='ltr' id='par_1_6' title="bbox 145 1565 476 1596">
     <span class='ocr_line' id='line_1_21' title="bbox 145 1565 476 1596; baseline -0.009 -1"><span class='ocrx_word' id='word_1_138' title='bbox 145 1566 276 1596; x_wconf 77' lang='lat' dir='ltr'>VARIA</span> <span class='ocrx_word' id='word_1_139' title='bbox 307 1565 476 1594; x_wconf 77' lang='lat' dir='ltr'>LEOTIO.</span> 
     </span>
    </p>
   </div>
   <div class='ocr_carea' id='block_1_7' title="bbox 207 1614 1695 1685">
    <p class='ocr_par' dir='ltr' id='par_1_7' title="bbox 207 1614 1695 1685">
     <span class='ocr_line' id='line_1_22' title="bbox 207 1614 1695 1685; baseline 0.001 -13"><span class='ocrx_word' id='word_1_140' title='bbox 207 1646 210 1647; x_wconf 49' lang='lat'><em>⁷</em></span> <span class='ocrx_word' id='word_1_141' title='bbox 255 1634 308 1672; x_wconf 84' lang='lat'><strong>86</strong></span> <span class='ocrx_word' id='word_1_142' title='bbox 339 1638 442 1669; x_wconf 81' lang='lat' dir='ltr'><strong>totus</strong></span> <span class='ocrx_word' id='word_1_143' title='bbox 473 1638 596 1678; x_wconf 79' lang='lat' dir='ltr'><strong>teres,</strong></span> <span class='ocrx_word' id='word_1_144' title='bbox 627 1634 837 1671; x_wconf 82' lang='lat' dir='ltr'><strong>Lambinus</strong></span> <span class='ocrx_word' id='word_1_145' title='bbox 867 1636 989 1676; x_wconf 85' lang='lat' dir='ltr'><strong>totus,</strong></span> <span class='ocrx_word' id='word_1_146' title='bbox 1022 1636 1123 1667; x_wconf 82' lang='lat' dir='ltr'><strong>teres</strong></span> <span class='ocrx_word' id='word_1_147' title='bbox 1145 1633 1274 1671; x_wconf 81' lang='lat' dir='ltr'><strong>Bentl.</strong></span> <span class='ocrx_word' id='word_1_148' title='bbox 1373 1631 1488 1685; x_wconf 85' lang='lat' dir='ltr'><strong>teres]</strong></span> <span class='ocrx_word' id='word_1_149' title='bbox 1524 1614 1636 1674; x_wconf 48' lang='lat' dir='ltr'><strong>terr}</strong></span> <span class='ocrx_word' id='word_1_150' title='bbox 1657 1637 1695 1673; x_wconf 86' lang='lat' dir='ltr'><em>E</em></span> 
     </span>
    </p>
   </div>
   <div class='ocr_carea' id='block_1_8' title="bbox 143 1687 1692 1741">
    <p class='ocr_par' dir='ltr' id='par_1_8' title="bbox 143 1687 1692 1741">
     <span class='ocr_line' id='line_1_23' title="bbox 143 1687 1692 1741; baseline 0.001 -15"><span class='ocrx_word' id='word_1_151' title='bbox 143 1704 224 1738; x_wconf 83' lang='lat' dir='ltr'><strong>opp.</strong></span> <span class='ocrx_word' id='word_1_152' title='bbox 257 1691 459 1740; x_wconf 76' lang='lat' dir='ltr'><strong>Auyustin.</strong></span> <span class='ocrx_word' id='word_1_153' title='bbox 491 1687 561 1724; x_wconf 70' lang='lat' dir='ltr'><strong>‘in</strong></span> <span class='ocrx_word' id='word_1_154' title='bbox 594 1703 642 1725; x_wconf 86' lang='lat' dir='ltr'><strong>se</strong></span> <span class='ocrx_word' id='word_1_155' title='bbox 673 1694 860 1724; x_wconf 85' lang='lat' dir='ltr'><strong>teretes</strong></span> <span class='ocrx_word' id='word_1_156' title='bbox 891 1690 1069 1724; x_wconf 83' lang='lat' dir='ltr'><strong>dicuntur</strong></span> <span class='ocrx_word' id='word_1_157' title='bbox 1099 1691 1163 1736; x_wconf 90' lang='lat' dir='ltr'><strong>qui</strong></span> <span class='ocrx_word' id='word_1_158' title='bbox 1195 1691 1240 1724; x_wconf 87' lang='lat' dir='ltr'><strong>ab</strong></span> <span class='ocrx_word' id='word_1_159' title='bbox 1271 1691 1342 1725; x_wconf 87' lang='lat' dir='ltr'><strong>alio</strong></span> <span class='ocrx_word' id='word_1_160' title='bbox 1375 1704 1447 1725; x_wconf 86' lang='lat' dir='ltr'><strong>non</strong></span> <span class='ocrx_word' id='word_1_161' title='bbox 1472 1691 1692 1741; x_wconf 84' lang='lat' dir='ltr'><strong>qu(a)erunt</strong></span> 
     </span>
    </p>
   </div>
   <div class='ocr_carea' id='block_1_9' title="bbox 142 1746 1692 2439">
    <p class='ocr_par' dir='ltr' id='par_1_9' title="bbox 142 1746 1692 2208">
     <span class='ocr_line' id='line_1_24' title="bbox 144 1746 1687 1801; baseline 0.003 -19"><span class='ocrx_word' id='word_1_162' title='bbox 144 1748 245 1794; x_wconf 86' lang='lat' dir='ltr'><strong>quod</strong></span> <span class='ocrx_word' id='word_1_163' title='bbox 274 1748 482 1783; x_wconf 85' lang='lat' dir='ltr'><strong>faciendum</strong></span> <span class='ocrx_word' id='word_1_164' title='bbox 522 1748 571 1782; x_wconf 82' lang='lat' dir='ltr'><strong>sit</strong></span> <span class='ocrx_word' id='word_1_165' title='bbox 609 1748 674 1782; x_wconf 86' lang='lat' dir='ltr'><strong>sed</strong></span> <span class='ocrx_word' id='word_1_166' title='bbox 714 1747 786 1793; x_wconf 88' lang='lat' dir='ltr'><strong>ipsi</strong></span> <span class='ocrx_word' id='word_1_167' title='bbox 817 1759 883 1793; x_wconf 88' lang='lat' dir='ltr'><strong>per</strong></span> <span class='ocrx_word' id='word_1_168' title='bbox 914 1760 955 1781; x_wconf 89' lang='lat' dir='ltr'><strong>se</strong></span> <span class='ocrx_word' id='word_1_169' title='bbox 990 1746 1211 1782; x_wconf 82' lang='lat' dir='ltr'><strong>inueniunt’</strong></span> <span class='ocrx_word' id='word_1_170' title='bbox 1242 1749 1335 1785; x_wconf 80' lang='lat' dir='ltr'><strong>Aer.</strong></span> <span class='ocrx_word' id='word_1_171' title='bbox 1446 1749 1499 1787; x_wconf 83' lang='grc'>87</span> <span class='ocrx_word' id='word_1_172' title='bbox 1532 1746 1687 1801; x_wconf 67' lang='lat' dir='ltr'><strong>nequid]</strong></span> 
     </span>
     <span class='ocr_line' id='line_1_25' title="bbox 142 1800 1690 1856; baseline -0.001 -14"><span class='ocrx_word' id='word_1_173' title='bbox 142 1816 188 1841; x_wconf 91' lang='lat' dir='ltr'><strong>ne</strong></span> <span class='ocrx_word' id='word_1_174' title='bbox 219 1807 297 1854; x_wconf 83' lang='lat' dir='ltr'><strong>quit</strong></span> <span class='ocrx_word' id='word_1_175' title='bbox 317 1807 386 1842; x_wconf 91' lang='lat' dir='ltr'><strong>F1</strong></span> <span class='ocrx_word' id='word_1_176' title='bbox 475 1817 540 1854; x_wconf 88' lang='lat' dir='ltr'><strong>per</strong></span> <span class='ocrx_word' id='word_1_177' title='bbox 569 1802 670 1856; x_wconf 89' lang='lat' dir='ltr'><strong>leue]</strong></span> <span class='ocrx_word' id='word_1_178' title='bbox 704 1805 812 1853; x_wconf 82' lang='lat' dir='ltr'><strong>pleue</strong></span> <span class='ocrx_word' id='word_1_179' title='bbox 842 1805 881 1840; x_wconf 88' lang='lat' dir='ltr'><em>F</em></span> <span class='ocrx_word' id='word_1_180' title='bbox 906 1804 1013 1853; x_wconf 82' lang='lat' dir='ltr'><strong>plena</strong></span> <span class='ocrx_word' id='word_1_181' title='bbox 1034 1814 1069 1852; x_wconf 85' lang='grc' dir='ltr'><strong><em>ψ</em></strong></span> <span class='ocrx_word' id='word_1_182' title='bbox 1091 1818 1179 1842; x_wconf 73' lang='lat' dir='ltr'><strong>aar.</strong></span> <span class='ocrx_word' id='word_1_183' title='bbox 1214 1801 1339 1853; x_wconf 83' lang='lat' dir='ltr'><strong>pleuet</strong></span> <span class='ocrx_word' id='word_1_184' title='bbox 1370 1819 1401 1854; x_wconf 85' lang='grc' dir='ltr'><em>φ</em></span> <span class='ocrx_word' id='word_1_185' title='bbox 1423 1819 1512 1843; x_wconf 73' lang='lat' dir='ltr'><strong>aar.</strong></span> <span class='ocrx_word' id='word_1_186' title='bbox 1547 1800 1690 1842; x_wconf 72' lang='lat' dir='ltr'><strong>‘Meta-</strong></span> 
     </span>
     <span class='ocr_line' id='line_1_26' title="bbox 144 1862 1686 1909; baseline 0.004 -13"><span class='ocrx_word' id='word_1_187' title='bbox 144 1863 225 1896; x_wconf 81' lang='lat' dir='ltr'><strong>sora</strong></span> <span class='ocrx_word' id='word_1_188' title='bbox 256 1874 276 1896; x_wconf 85' lang='lat' dir='ltr'><strong>a</strong></span> <span class='ocrx_word' id='word_1_189' title='bbox 307 1863 403 1897; x_wconf 84' lang='lat' dir='ltr'><strong>leui</strong></span> <span class='ocrx_word' id='word_1_190' title='bbox 442 1862 543 1908; x_wconf 86' lang='lat' dir='ltr'><strong>ligno</strong></span> <span class='ocrx_word' id='word_1_191' title='bbox 583 1862 664 1896; x_wconf 83' lang='lat' dir='ltr'><strong>siue</strong></span> <span class='ocrx_word' id='word_1_192' title='bbox 695 1862 896 1895; x_wconf 84' lang='lat' dir='ltr'><strong>marmore’</strong></span> <span class='ocrx_word' id='word_1_193' title='bbox 928 1862 1021 1898; x_wconf 76' lang='lat' dir='ltr'><strong>Aer.</strong></span> <span class='ocrx_word' id='word_1_194' title='bbox 1141 1874 1206 1899; x_wconf 81' lang='lat' dir='ltr'><strong>uu.</strong></span> <span class='ocrx_word' id='word_1_195' title='bbox 1240 1862 1426 1901; x_wconf 85' lang='grc'>88-90</span> <span class='ocrx_word' id='word_1_196' title='bbox 1455 1871 1532 1909; x_wconf 82' lang='lat' dir='ltr'><strong>post</strong></span> <span class='ocrx_word' id='word_1_197' title='bbox 1564 1877 1601 1901; x_wconf 88' lang='lat' dir='ltr'><strong>u.</strong></span> <span class='ocrx_word' id='word_1_198' title='bbox 1636 1865 1686 1902; x_wconf 85' lang='lat'><strong>91</strong></span> 
     </span>
     <span class='ocr_line' id='line_1_27' title="bbox 142 1915 1690 1972; baseline 0.003 -18"><span class='ocrx_word' id='word_1_199' title='bbox 142 1920 244 1967; x_wconf 78' lang='lat' dir='ltr'><strong>ponit</strong></span> <span class='ocrx_word' id='word_1_200' title='bbox 272 1932 299 1972; x_wconf 75' lang='lat'><em>9</em></span> <span class='ocrx_word' id='word_1_201' title='bbox 322 1915 489 1971; x_wconf 52' lang='lat' dir='ltr'><em>[Fran]</em></span> <span class='ocrx_word' id='word_1_202' title='bbox 606 1919 659 1957; x_wconf 87' lang='lat'><strong>88</strong></span> <span class='ocrx_word' id='word_1_203' title='bbox 691 1915 835 1969; x_wconf 81' lang='lat' dir='ltr'><strong>manea]</strong></span> <span class='ocrx_word' id='word_1_204' title='bbox 869 1930 999 1952; x_wconf 85' lang='lat' dir='ltr'><strong>manna</strong></span> <span class='ocrx_word' id='word_1_205' title='bbox 1026 1921 1145 1967; x_wconf 80' lang='lat' dir='ltr'><strong>floril.</strong></span> <span class='ocrx_word' id='word_1_206' title='bbox 1180 1920 1312 1956; x_wconf 83' lang='lat' dir='ltr'><strong>Noslr-</strong></span> <span class='ocrx_word' id='word_1_207' title='bbox 1348 1919 1428 1957; x_wconf 83' lang='lat'><strong>188</strong></span> <span class='ocrx_word' id='word_1_208' title='bbox 1536 1927 1690 1970; x_wconf 86' lang='lat' dir='ltr'><strong>potesne</strong></span> 
     </span>
     <span class='ocr_line' id='line_1_28' title="bbox 146 1971 1692 2027; baseline 0.001 -13"><span class='ocrx_word' id='word_1_209' title='bbox 146 1978 183 2014; x_wconf 89' lang='grc' dir='ltr'><em>Ε</em></span> <span class='ocrx_word' id='word_1_210' title='bbox 201 1988 218 2012; x_wconf 88' lang='grc' dir='ltr'><em>ε</em></span> <span class='ocrx_word' id='word_1_211' title='bbox 240 1978 332 2025; x_wconf 82' lang='lat' dir='ltr'><strong>Fp.</strong></span> <span class='ocrx_word' id='word_1_212' title='bbox 357 1989 436 2015; x_wconf 79' lang='lat' dir='ltr'><strong>ras.</strong></span> <span class='ocrx_word' id='word_1_213' title='bbox 457 1973 553 2027; x_wconf 81' lang='grc' dir='ltr'><strong>(β’σ</strong></span> <span class='ocrx_word' id='word_1_214' title='bbox 575 1989 598 2013; x_wconf 81' lang='grc' dir='ltr'><em>α</em></span> <span class='ocrx_word' id='word_1_215' title='bbox 621 1989 708 2013; x_wconf 79' lang='lat' dir='ltr'><strong>nar.</strong></span> <span class='ocrx_word' id='word_1_216' title='bbox 732 1989 756 2024; x_wconf 97' lang='lat'><em>9</em></span> <span class='ocrx_word' id='word_1_217' title='bbox 776 1978 789 2013; x_wconf 87' lang='lat' dir='ltr'><strong>l</strong></span> <span class='ocrx_word' id='word_1_218' title='bbox 809 1988 849 2023; x_wconf 86' lang='lat' dir='ltr'><strong>p.</strong></span> <span class='ocrx_word' id='word_1_219' title='bbox 873 1974 971 2022; x_wconf 79' lang='lat' dir='ltr'><strong>ras.)</strong></span> <span class='ocrx_word' id='word_1_220' title='bbox 1002 1981 1173 2024; x_wconf 83' lang='lat' dir='ltr'><strong>potestne</strong></span> <span class='ocrx_word' id='word_1_221' title='bbox 1193 1989 1217 2026; x_wconf 76' lang='grc' dir='ltr'><em>γ</em></span> <span class='ocrx_word' id='word_1_222' title='bbox 1234 1971 1322 2013; x_wconf 60' lang='lat' dir='ltr'><strong>Fk&#39;</strong></span> <span class='ocrx_word' id='word_1_223' title='bbox 1340 1976 1378 2023; x_wconf 82' lang='lat' dir='ltr'><strong>(a</strong></span> <span class='ocrx_word' id='word_1_224' title='bbox 1396 1976 1432 2024; x_wconf 88' lang='lat' dir='ltr'><strong>r)</strong></span> <span class='ocrx_word' id='word_1_225' title='bbox 1519 1978 1572 2016; x_wconf 87' lang='grc'><strong>89</strong></span> <span class='ocrx_word' id='word_1_226' title='bbox 1605 1990 1692 2027; x_wconf 86' lang='lat' dir='ltr'><strong>pro-</strong></span> 
     </span>
     <span class='ocr_line' id='line_1_29' title="bbox 143 2030 1072 2084; baseline -0.001 -13"><span class='ocrx_word' id='word_1_227' title='bbox 143 2030 282 2084; x_wconf 86' lang='lat' dir='ltr'><strong>prium]</strong></span> <span class='ocrx_word' id='word_1_228' title='bbox 314 2036 484 2083; x_wconf 87' lang='lat' dir='ltr'><strong>propium</strong></span> <span class='ocrx_word' id='word_1_229' title='bbox 516 2034 552 2070; x_wconf 83' lang='lat' dir='ltr'><em>E</em></span> <span class='ocrx_word' id='word_1_230' title='bbox 570 2046 594 2083; x_wconf 80' lang='grc' dir='ltr'><em>γ</em></span> <span class='ocrx_word' id='word_1_231' title='bbox 615 2033 668 2081; x_wconf 86' lang='grc' dir='ltr'><strong>(α)</strong></span> <span class='ocrx_word' id='word_1_232' title='bbox 773 2033 825 2070; x_wconf 83' lang='grc'><strong>92</strong></span> <span class='ocrx_word' id='word_1_233' title='bbox 859 2033 1020 2067; x_wconf 78' lang='lat' dir='ltr'><em>REDIT</em></span> <span class='ocrx_word' id='word_1_234' title='bbox 1047 2045 1072 2070; x_wconf 83' lang='grc' dir='ltr'><em>ν</em></span> 
     </span>
     <span class='ocr_line' id='line_1_30' title="bbox 147 2098 1690 2152; baseline 0.001 -13"><span class='ocrx_word' id='word_1_235' title='bbox 147 2099 187 2146; x_wconf 90' lang='grc' dir='ltr'><strong>ς’</strong></span> <span class='ocrx_word' id='word_1_236' title='bbox 207 2116 265 2134; x_wconf 89' lang='lat'><strong><em>=</em></strong></span> <span class='ocrx_word' id='word_1_237' title='bbox 295 2104 406 2140; x_wconf 83' lang='lat' dir='ltr'><strong>codd.</strong></span> <span class='ocrx_word' id='word_1_238' title='bbox 438 2098 525 2152; x_wconf 82' lang='grc' dir='ltr'><strong>β’ν</strong></span> <span class='ocrx_word' id='word_1_239' title='bbox 552 2110 576 2137; x_wconf 92' lang='grc' dir='ltr'>σ</span> <span class='ocrx_word' id='word_1_240' title='bbox 596 2115 619 2138; x_wconf 83' lang='grc' dir='ltr'><em>α</em></span> <span class='ocrx_word' id='word_1_241' title='bbox 647 2115 672 2150; x_wconf 88' lang='lat'><em>9</em></span> <span class='ocrx_word' id='word_1_242' title='bbox 693 2115 715 2138; x_wconf 90' lang='lat' dir='ltr'><strong>r</strong></span> <span class='ocrx_word' id='word_1_243' title='bbox 735 2100 776 2149; x_wconf 83' lang='lat' dir='ltr'><strong>(l)</strong></span> <span class='ocrx_word' id='word_1_244' title='bbox 802 2106 969 2149; x_wconf 81' lang='lat' dir='ltr'><strong>praeter</strong></span> <span class='ocrx_word' id='word_1_245' title='bbox 999 2112 1082 2147; x_wconf 81' lang='lat' dir='ltr'><strong>eos,</strong></span> <span class='ocrx_word' id='word_1_246' title='bbox 1116 2113 1169 2139; x_wconf 79' lang='lat' dir='ltr'><strong>ex</strong></span> <span class='ocrx_word' id='word_1_247' title='bbox 1200 2102 1338 2150; x_wconf 76' lang='lat' dir='ltr'><strong>quibus</strong></span> <span class='ocrx_word' id='word_1_248' title='bbox 1368 2104 1448 2140; x_wconf 80' lang='lat' dir='ltr'><strong>alia</strong></span> <span class='ocrx_word' id='word_1_249' title='bbox 1479 2104 1593 2140; x_wconf 70' lang='lat' dir='ltr'><strong>lectio</strong></span> <span class='ocrx_word' id='word_1_250' title='bbox 1624 2116 1690 2141; x_wconf 83' lang='lat' dir='ltr'><strong>no-</strong></span> 
     </span>
     <span class='ocr_line' id='line_1_31' title="bbox 375 2158 1447 2208; baseline 0.001 -12"><span class='ocrx_word' id='word_1_251' title='bbox 375 2165 504 2197; x_wconf 78' lang='lat' dir='ltr'><strong>tatur.-</strong></span> <span class='ocrx_word' id='word_1_252' title='bbox 537 2172 559 2203; x_wconf 89' lang='grc' dir='ltr'><strong>ς</strong></span> <span class='ocrx_word' id='word_1_253' title='bbox 586 2173 644 2191; x_wconf 83' lang='lat'><strong><em>=</em></strong></span> <span class='ocrx_word' id='word_1_254' title='bbox 673 2160 782 2196; x_wconf 82' lang='lat' dir='ltr'><strong>codd.</strong></span> <span class='ocrx_word' id='word_1_255' title='bbox 812 2172 838 2196; x_wconf 85' lang='grc' dir='ltr'><strong><em>ν</em></strong></span> <span class='ocrx_word' id='word_1_256' title='bbox 858 2167 882 2194; x_wconf 92' lang='grc' dir='ltr'>σ</span> <span class='ocrx_word' id='word_1_257' title='bbox 903 2172 926 2195; x_wconf 85' lang='grc' dir='ltr'><em>α</em></span> <span class='ocrx_word' id='word_1_258' title='bbox 947 2172 971 2208; x_wconf 85' lang='lat'><em>9</em></span> <span class='ocrx_word' id='word_1_259' title='bbox 992 2172 1014 2195; x_wconf 85' lang='lat' dir='ltr'><strong>r</strong></span> <span class='ocrx_word' id='word_1_260' title='bbox 1032 2158 1074 2206; x_wconf 86' lang='lat' dir='ltr'><strong>(l)</strong></span> <span class='ocrx_word' id='word_1_261' title='bbox 1103 2163 1268 2206; x_wconf 81' lang='lat' dir='ltr'><strong>praeter</strong></span> <span class='ocrx_word' id='word_1_262' title='bbox 1298 2171 1328 2196; x_wconf 83' lang='lat' dir='ltr'><strong>e.</strong></span> <span class='ocrx_word' id='word_1_263' title='bbox 1354 2173 1390 2208; x_wconf 81' lang='lat' dir='ltr'><strong>q.</strong></span> <span class='ocrx_word' id='word_1_264' title='bbox 1414 2171 1447 2197; x_wconf 79' lang='lat' dir='ltr'><strong>s,</strong></span> 
     </span>
    </p>

    <p class='ocr_par' dir='ltr' id='par_1_10' title="bbox 144 2213 1691 2439">
     <span class='ocr_line' id='line_1_32' title="bbox 259 2213 1690 2267; baseline 0.001 -14"><span class='ocrx_word' id='word_1_265' title='bbox 259 2216 352 2253; x_wconf 86' lang='lat' dir='ltr'><strong>liber</strong></span> <span class='ocrx_word' id='word_1_266' title='bbox 381 2213 490 2267; x_wconf 90' lang='lat' dir='ltr'><strong>liber]</strong></span> <span class='ocrx_word' id='word_1_267' title='bbox 524 2215 615 2253; x_wconf 89' lang='lat' dir='ltr'><strong>liber</strong></span> <span class='ocrx_word' id='word_1_268' title='bbox 644 2227 662 2251; x_wconf 86' lang='grc' dir='ltr'><strong>ε</strong></span> <span class='ocrx_word' id='word_1_269' title='bbox 683 2215 710 2263; x_wconf 87' lang='lat' dir='ltr'><strong>(l</strong></span> <span class='ocrx_word' id='word_1_270' title='bbox 724 2215 807 2264; x_wconf 82' lang='lat' dir='ltr'><strong>pr.)</strong></span> <span class='ocrx_word' id='word_1_271' title='bbox 826 2227 853 2263; x_wconf 78' lang='lat' dir='ltr'><strong><em>y</em></strong></span> <span class='ocrx_word' id='word_1_272' title='bbox 962 2216 1014 2253; x_wconf 84' lang='lat'><strong>93</strong></span> <span class='ocrx_word' id='word_1_273' title='bbox 1048 2215 1193 2260; x_wconf 83' lang='lat' dir='ltr'><strong>Vrguet</strong></span> <span class='ocrx_word' id='word_1_274' title='bbox 1222 2229 1245 2252; x_wconf 86' lang='grc' dir='ltr'><em>α</em></span> <span class='ocrx_word' id='word_1_275' title='bbox 1266 2229 1291 2264; x_wconf 92' lang='lat'><em>9</em></span> <span class='ocrx_word' id='word_1_276' title='bbox 1396 2218 1487 2253; x_wconf 87' lang='lat' dir='ltr'><strong>acris</strong></span> <span class='ocrx_word' id='word_1_277' title='bbox 1519 2218 1558 2254; x_wconf 90' lang='lat' dir='ltr'><em>E</em></span> <span class='ocrx_word' id='word_1_278' title='bbox 1576 2219 1614 2254; x_wconf 87' lang='lat' dir='ltr'><em>F</em></span> <span class='ocrx_word' id='word_1_279' title='bbox 1631 2217 1650 2254; x_wconf 85' lang='grc' dir='ltr'><em>λ</em></span> <span class='ocrx_word' id='word_1_280' title='bbox 1673 2230 1690 2254; x_wconf 87' lang='grc' dir='ltr'><strong><em>ε</em></strong></span> 
     </span>
     <span class='ocr_line' id='line_1_33' title="bbox 145 2269 1689 2325; baseline 0 -14"><span class='ocrx_word' id='word_1_281' title='bbox 145 2273 195 2322; x_wconf 82' lang='lat'><strong>(9)</strong></span> <span class='ocrx_word' id='word_1_282' title='bbox 217 2286 243 2322; x_wconf 75' lang='lat' dir='ltr'><strong><em>y</em></strong></span> <span class='ocrx_word' id='word_1_283' title='bbox 265 2269 310 2323; x_wconf 86' lang='grc' dir='ltr'><strong>[β</strong></span> <span class='ocrx_word' id='word_1_284' title='bbox 333 2274 502 2311; x_wconf 77' lang='lat' dir='ltr'><strong>Gronau.</strong></span> <span class='ocrx_word' id='word_1_285' title='bbox 529 2284 538 2309; x_wconf 91' lang='lat'><em>1</em></span> <span class='ocrx_word' id='word_1_286' title='bbox 584 2269 822 2323; x_wconf 65' lang='lat' dir='ltr'><strong>Valentiam]</strong></span> <span class='ocrx_word' id='word_1_287' title='bbox 854 2285 954 2310; x_wconf 82' lang='lat' dir='ltr'><strong>acres</strong></span> <span class='ocrx_word' id='word_1_288' title='bbox 974 2286 998 2323; x_wconf 75' lang='grc' dir='ltr'><em>γ</em></span> <span class='ocrx_word' id='word_1_289' title='bbox 1022 2285 1045 2317; x_wconf 85' lang='grc' dir='ltr'><strong>ς</strong></span> <span class='ocrx_word' id='word_1_290' title='bbox 1145 2272 1198 2310; x_wconf 79' lang='lat'><strong>94</strong></span> <span class='ocrx_word' id='word_1_291' title='bbox 1231 2274 1326 2310; x_wconf 87' lang='lat' dir='ltr'><strong>lasso</strong></span> <span class='ocrx_word' id='word_1_292' title='bbox 1357 2271 1545 2325; x_wconf 85' lang='lat' dir='ltr'><strong>stimulos]</strong></span> <span class='ocrx_word' id='word_1_293' title='bbox 1579 2275 1689 2323; x_wconf 76' lang='lat' dir='ltr'><strong>lasso,</strong></span> 
     </span>
     <span class='ocr_line' id='line_1_34' title="bbox 144 2326 1691 2385; baseline -0.001 -18"><span class='ocrx_word' id='word_1_294' title='bbox 144 2331 335 2385; x_wconf 43' lang='lat' dir='ltr'><strong>{Jtimulos</strong></span> <span class='ocrx_word' id='word_1_295' title='bbox 353 2338 388 2379; x_wconf 87' lang='grc' dir='ltr'><strong>ψ</strong></span> <span class='ocrx_word' id='word_1_296' title='bbox 476 2326 663 2380; x_wconf 85' lang='lat' dir='ltr'><strong>stimulos]</strong></span> <span class='ocrx_word' id='word_1_297' title='bbox 697 2330 866 2367; x_wconf 83' lang='lat' dir='ltr'><strong>stimulus</strong></span> <span class='ocrx_word' id='word_1_298' title='bbox 888 2331 1004 2378; x_wconf 81' lang='lat' dir='ltr'><strong>Epr.</strong></span> <span class='ocrx_word' id='word_1_299' title='bbox 1093 2326 1235 2381; x_wconf 80' lang='lat' dir='ltr'><strong>uersat]</strong></span> <span class='ocrx_word' id='word_1_300' title='bbox 1260 2336 1370 2364; x_wconf 83' lang='lat' dir='ltr'><strong>uexat</strong></span> <span class='ocrx_word' id='word_1_301' title='bbox 1387 2344 1413 2379; x_wconf 76' lang='lat' dir='ltr'><strong><em>y</em></strong></span> <span class='ocrx_word' id='word_1_302' title='bbox 1434 2345 1477 2366; x_wconf 66' lang='lat' dir='ltr'><strong>ex</strong></span> <span class='ocrx_word' id='word_1_303' title='bbox 1496 2334 1611 2380; x_wconf 80' lang='lat' dir='ltr'><strong>9loss.</strong></span> <span class='ocrx_word' id='word_1_304' title='bbox 1638 2332 1691 2368; x_wconf 88' lang='grc' dir='ltr'><strong>Γ,·</strong></span> 
     </span>
     <span class='ocr_line' id='line_1_35' title="bbox 146 2384 1689 2439; baseline 0.001 -16"><span class='ocrx_word' id='word_1_305' title='bbox 146 2387 269 2432; x_wconf 72' lang='lat' dir='ltr'><strong>eregit</strong></span> <span class='ocrx_word' id='word_1_306' title='bbox 302 2389 434 2423; x_wconf 81' lang='lat' dir='ltr'><strong>uexat’</strong></span> <span class='ocrx_word' id='word_1_307' title='bbox 543 2384 756 2438; x_wconf 79' lang='lat' dir='ltr'><strong>negantem]</strong></span> <span class='ocrx_word' id='word_1_308' title='bbox 791 2389 940 2432; x_wconf 81' lang='lat' dir='ltr'><strong>neganti</strong></span> <span class='ocrx_word' id='word_1_309' title='bbox 973 2388 1129 2425; x_wconf 73' lang='lat' dir='ltr'><strong>Peerlk.</strong></span> <span class='ocrx_word' id='word_1_310' title='bbox 1243 2388 1295 2425; x_wconf 87' lang='lat'><strong>95</strong></span> <span class='ocrx_word' id='word_1_311' title='bbox 1330 2385 1472 2439; x_wconf 82' lang='lat' dir='ltr'><strong>torpes]</strong></span> <span class='ocrx_word' id='word_1_312' title='bbox 1509 2395 1640 2438; x_wconf 85' lang='lat' dir='ltr'><strong>topens</strong></span> <span class='ocrx_word' id='word_1_313' title='bbox 1672 2401 1689 2426; x_wconf 91' lang='grc' dir='ltr'><em>ε</em></span> 
     </span>
    </p>
   </div>
   <div class='ocr_carea' id='block_1_10' title="bbox 144 2446 1690 2518">
    <p class='ocr_par' dir='ltr' id='par_1_11' title="bbox 144 2446 1690 2518">
     <span class='ocr_line' id='line_1_36' title="bbox 144 2446 1690 2518; baseline -0.003 -12"><span class='ocrx_word' id='word_1_314' title='bbox 144 2446 265 2518; x_wconf 50' lang='lat' dir='ltr'><strong>torp&amp;</strong></span> <span class='ocrx_word' id='word_1_315' title='bbox 296 2470 334 2506; x_wconf 88' lang='lat' dir='ltr'><em>E</em></span> <span class='ocrx_word' id='word_1_316' title='bbox 361 2470 517 2514; x_wconf 76' lang='lat' dir='ltr'><strong>‘stupes</strong></span> <span class='ocrx_word' id='word_1_317' title='bbox 548 2466 716 2501; x_wconf 82' lang='lat' dir='ltr'><strong>miraris&#39;</strong></span> <span class='ocrx_word' id='word_1_318' title='bbox 747 2469 862 2516; x_wconf 77' lang='lat' dir='ltr'><strong>yloss.</strong></span> <span class='ocrx_word' id='word_1_319' title='bbox 894 2467 933 2503; x_wconf 90' lang='grc' dir='ltr'><em>Γ</em></span> <span class='ocrx_word' id='word_1_320' title='bbox 1012 2468 1146 2503; x_wconf 72' lang='lat' dir='ltr'><strong>insanae</strong></span> <span class='ocrx_word' id='word_1_321' title='bbox 1177 2468 1215 2504; x_wconf 90' lang='lat' dir='ltr'><em>F</em></span> <span class='ocrx_word' id='word_1_322' title='bbox 1299 2468 1352 2505; x_wconf 86' lang='grc'><strong>96</strong></span> <span class='ocrx_word' id='word_1_323' title='bbox 1384 2467 1476 2512; x_wconf 82' lang='lat' dir='ltr'><strong>Quid</strong></span> <span class='ocrx_word' id='word_1_324' title='bbox 1509 2469 1546 2504; x_wconf 88' lang='lat' dir='ltr'><em>E</em></span> <span class='ocrx_word' id='word_1_325' title='bbox 1574 2467 1690 2514; x_wconf 71' lang='lat' dir='ltr'><strong>‘quo-</strong></span> 
     </span>
    </p>
   </div>
   <div class='ocr_carea' id='block_1_11' title="bbox 126 2524 1690 2827">
    <p class='ocr_par' dir='ltr' id='par_1_12' title="bbox 126 2524 1690 2827">
     <span class='ocr_line' id='line_1_37' title="bbox 145 2524 1690 2599; baseline 0.001 -15"><span class='ocrx_word' id='word_1_326' title='bbox 145 2549 274 2584; x_wconf 88' lang='lat' dir='ltr'><strong>modo&#39;</strong></span> <span class='ocrx_word' id='word_1_327' title='bbox 306 2544 422 2599; x_wconf 78' lang='lat' dir='ltr'><strong>yloss.</strong></span> <span class='ocrx_word' id='word_1_328' title='bbox 456 2548 496 2584; x_wconf 91' lang='grc' dir='ltr'><strong><em>Γ</em></strong></span> <span class='ocrx_word' id='word_1_329' title='bbox 575 2544 665 2598; x_wconf 84' lang='lat' dir='ltr'><strong>ego]</strong></span> <span class='ocrx_word' id='word_1_330' title='bbox 700 2550 804 2585; x_wconf 79' lang='lat' dir='ltr'><strong>omis.</strong></span> <span class='ocrx_word' id='word_1_331' title='bbox 837 2559 854 2583; x_wconf 79' lang='grc' dir='ltr'><em>ε</em></span> <span class='ocrx_word' id='word_1_332' title='bbox 873 2559 900 2594; x_wconf 74' lang='lat' dir='ltr'><em>y</em></span> <span class='ocrx_word' id='word_1_333' title='bbox 990 2547 1041 2585; x_wconf 82' lang='lat'><strong>97</strong></span> <span class='ocrx_word' id='word_1_334' title='bbox 1076 2524 1139 2583; x_wconf 76' lang='lat' dir='ltr'><strong>Aut</strong></span> <span class='ocrx_word' id='word_1_335' title='bbox 1159 2560 1184 2598; x_wconf 76' lang='grc' dir='ltr'><em>γ</em></span> <span class='ocrx_word' id='word_1_336' title='bbox 1264 2547 1404 2596; x_wconf 86' lang='lat' dir='ltr'><strong>placide</strong></span> <span class='ocrx_word' id='word_1_337' title='bbox 1435 2548 1503 2584; x_wconf 83' lang='lat' dir='ltr'><strong>iani</strong></span> <span class='ocrx_word' id='word_1_338' title='bbox 1525 2562 1549 2598; x_wconf 76' lang='grc' dir='ltr'><em>γ</em></span> <span class='ocrx_word' id='word_1_339' title='bbox 1570 2540 1690 2585; x_wconf 71' lang='grc' dir='ltr'><strong>λἘ2</strong></span> 
     </span>
     <span class='ocr_line' id='line_1_38' title="bbox 145 2602 1690 2655; baseline 0 -12"><span class='ocrx_word' id='word_1_340' title='bbox 145 2606 182 2654; x_wconf 87' lang='grc' dir='ltr'><strong>(ν</strong></span> <span class='ocrx_word' id='word_1_341' title='bbox 204 2606 239 2654; x_wconf 85' lang='lat' dir='ltr'><strong>r)</strong></span> <span class='ocrx_word' id='word_1_342' title='bbox 269 2606 467 2655; x_wconf 83' lang='lat' dir='ltr'><strong>placideani</strong></span> <span class='ocrx_word' id='word_1_343' title='bbox 489 2606 527 2642; x_wconf 87' lang='lat' dir='ltr'><em>E</em></span> <span class='ocrx_word' id='word_1_344' title='bbox 554 2605 696 2652; x_wconf 67' lang='lat' dir='ltr'><strong>placide</strong></span> <span class='ocrx_word' id='word_1_345' title='bbox 718 2605 791 2638; x_wconf 85' lang='lat' dir='ltr'><strong>iani</strong></span> <span class='ocrx_word' id='word_1_346' title='bbox 815 2618 838 2641; x_wconf 85' lang='grc' dir='ltr'><em>α</em></span> <span class='ocrx_word' id='word_1_347' title='bbox 861 2605 908 2652; x_wconf 78' lang='lat' dir='ltr'><strong>(et</strong></span> <span class='ocrx_word' id='word_1_348' title='bbox 928 2602 968 2653; x_wconf 87' lang='grc' dir='ltr'><strong>β)</strong></span> <span class='ocrx_word' id='word_1_349' title='bbox 990 2603 1179 2653; x_wconf 83' lang='lat' dir='ltr'><strong>placidiani</strong></span> <span class='ocrx_word' id='word_1_350' title='bbox 1201 2615 1217 2639; x_wconf 86' lang='grc' dir='ltr'><em>ε</em></span> <span class='ocrx_word' id='word_1_351' title='bbox 1240 2604 1278 2651; x_wconf 90' lang='grc' dir='ltr'><strong>(σ</strong></span> <span class='ocrx_word' id='word_1_352' title='bbox 1300 2604 1433 2650; x_wconf 78' lang='lat' dir='ltr'><strong>placidi</strong></span> <span class='ocrx_word' id='word_1_353' title='bbox 1455 2604 1529 2638; x_wconf 84' lang='lat' dir='ltr'><strong>iani</strong></span> <span class='ocrx_word' id='word_1_354' title='bbox 1550 2605 1690 2653; x_wconf 79' lang='lat' dir='ltr'><strong>Fran.)</strong></span> 
     </span>
     <span class='ocr_line' id='line_1_39' title="bbox 126 2658 1687 2712; baseline -0.001 -12"><span class='ocrx_word' id='word_1_355' title='bbox 126 2665 222 2712; x_wconf 80' lang='lat' dir='ltr'><strong>-paei</strong></span> <span class='ocrx_word' id='word_1_356' title='bbox 250 2663 365 2700; x_wconf 82' lang='lat' dir='ltr'><strong>deiani</strong></span> <span class='ocrx_word' id='word_1_357' title='bbox 386 2669 421 2711; x_wconf 83' lang='grc' dir='ltr'><em>ψ</em></span> <span class='ocrx_word' id='word_1_358' title='bbox 443 2674 456 2699; x_wconf 88' lang='lat'>1</span> <span class='ocrx_word' id='word_1_359' title='bbox 486 2662 684 2712; x_wconf 82' lang='lat' dir='ltr'><strong>pacideiani</strong></span> <span class='ocrx_word' id='word_1_360' title='bbox 705 2675 736 2710; x_wconf 86' lang='grc' dir='ltr'><em>φ</em></span> <span class='ocrx_word' id='word_1_361' title='bbox 758 2673 770 2698; x_wconf 96' lang='lat'>1</span> <span class='ocrx_word' id='word_1_362' title='bbox 793 2662 891 2709; x_wconf 76' lang='lat' dir='ltr'><strong>Pple.</strong></span> <span class='ocrx_word' id='word_1_363' title='bbox 923 2661 1067 2710; x_wconf 65' lang='lat' dir='ltr'><strong>(pacide</strong></span> <span class='ocrx_word' id='word_1_364' title='bbox 1088 2658 1123 2695; x_wconf 72' lang='grc' dir='ltr'><strong>ἰὲἷ</strong></span> <span class='ocrx_word' id='word_1_365' title='bbox 1143 2661 1225 2709; x_wconf 82' lang='lat' dir='ltr'><em>Pf.)</em></span> <span class='ocrx_word' id='word_1_366' title='bbox 1256 2661 1445 2700; x_wconf 67' lang='lat' dir='ltr'><strong>Pacidiani</strong></span> <span class='ocrx_word' id='word_1_367' title='bbox 1475 2672 1502 2708; x_wconf 74' lang='lat' dir='ltr'><em>y</em></span> <span class='ocrx_word' id='word_1_368' title='bbox 1527 2658 1568 2712; x_wconf 90' lang='lat'><strong>[1</strong></span> <span class='ocrx_word' id='word_1_369' title='bbox 1605 2664 1687 2700; x_wconf 82' lang='lat' dir='ltr'><strong>cod.</strong></span> 
     </span>
     <span class='ocr_line' id='line_1_40' title="bbox 148 2717 1690 2770; baseline -0.003 -13"><span class='ocrx_word' id='word_1_370' title='bbox 148 2717 311 2770; x_wconf 55' lang='grc' dir='ltr'><strong>Βίαντά]</strong></span> <span class='ocrx_word' id='word_1_371' title='bbox 346 2720 471 2766; x_wconf 73' lang='lat' dir='ltr'><strong>pacida</strong></span> <span class='ocrx_word' id='word_1_372' title='bbox 502 2720 577 2754; x_wconf 85' lang='lat' dir='ltr'><strong>iani</strong></span> <span class='ocrx_word' id='word_1_373' title='bbox 606 2732 631 2768; x_wconf 89' lang='lat'><em>9</em></span> <span class='ocrx_word' id='word_1_374' title='bbox 651 2724 693 2763; x_wconf 77' lang='lat' dir='ltr'><strong>cs.</strong></span> <span class='ocrx_word' id='word_1_375' title='bbox 718 2720 841 2756; x_wconf 76' lang='lat' dir='ltr'><strong>Lucil.</strong></span> <span class='ocrx_word' id='word_1_376' title='bbox 865 2731 929 2766; x_wconf 81' lang='lat' dir='ltr'><strong>ap.</strong></span> <span class='ocrx_word' id='word_1_377' title='bbox 955 2719 1052 2756; x_wconf 85' lang='lat' dir='ltr'><strong>Non.</strong></span> <span class='ocrx_word' id='word_1_378' title='bbox 1076 2718 1116 2765; x_wconf 75' lang='grc'><strong>4,</strong></span> <span class='ocrx_word' id='word_1_379' title='bbox 1140 2718 1213 2755; x_wconf 82' lang='grc'><strong>64;</strong></span> <span class='ocrx_word' id='word_1_380' title='bbox 1246 2719 1349 2752; x_wconf 80' lang='lat' dir='ltr'><strong>‘cum</strong></span> <span class='ocrx_word' id='word_1_381' title='bbox 1379 2717 1602 2753; x_wconf 85' lang='lat' dir='ltr'><strong>Pacideiano</strong></span> <span class='ocrx_word' id='word_1_382' title='bbox 1635 2720 1690 2753; x_wconf 80' lang='lat' dir='ltr'><strong>hic</strong></span> 
     </span>
     <span class='ocr_line' id='line_1_41' title="bbox 146 2771 1690 2827; baseline 0.001 -16"><span class='ocrx_word' id='word_1_383' title='bbox 146 2778 399 2824; x_wconf 80' lang='lat' dir='ltr'><strong>componitur&#39;</strong></span> <span class='ocrx_word' id='word_1_384' title='bbox 480 2773 675 2827; x_wconf 79' lang='lat' dir='ltr'><strong>contento]</strong></span> <span class='ocrx_word' id='word_1_385' title='bbox 706 2771 865 2825; x_wconf 63' lang='lat' dir='ltr'><strong>{tempto</strong></span> <span class='ocrx_word' id='word_1_386' title='bbox 894 2777 1032 2823; x_wconf 85' lang='lat' dir='ltr'><strong>Eopp.</strong></span> <span class='ocrx_word' id='word_1_387' title='bbox 1055 2771 1168 2822; x_wconf 71' lang='lat' dir='ltr'><strong>Pph!</strong></span> <span class='ocrx_word' id='word_1_388' title='bbox 1200 2776 1319 2812; x_wconf 80' lang='lat' dir='ltr'><strong>schol.</strong></span> <span class='ocrx_word' id='word_1_389' title='bbox 1346 2773 1384 2809; x_wconf 90' lang='grc' dir='ltr'><em>Γ</em></span> <span class='ocrx_word' id='word_1_390' title='bbox 1465 2774 1518 2812; x_wconf 87' lang='grc'>98</span> <span class='ocrx_word' id='word_1_391' title='bbox 1548 2775 1690 2813; x_wconf 85' lang='lat' dir='ltr'><strong>Proelia</strong></span> 
     </span>
    </p>
   </div>
   <div class='ocr_carea' id='block_1_12' title="bbox 145 2841 1639 2896">
    <p class='ocr_par' dir='ltr' id='par_1_13' title="bbox 145 2841 1639 2896">
     <span class='ocr_line' id='line_1_42' title="bbox 145 2841 1639 2896; baseline -0.001 -14"><span class='ocrx_word' id='word_1_392' title='bbox 145 2843 172 2896; x_wconf 54' lang='grc' dir='ltr'><strong>γ’</strong></span> <span class='ocrx_word' id='word_1_393' title='bbox 190 2858 206 2882; x_wconf 85' lang='grc' dir='ltr'><em>ε</em></span> <span class='ocrx_word' id='word_1_394' title='bbox 235 2845 274 2894; x_wconf 88' lang='grc' dir='ltr'><strong>(α</strong></span> <span class='ocrx_word' id='word_1_395' title='bbox 301 2848 314 2884; x_wconf 85' lang='lat' dir='ltr'><strong>l</strong></span> <span class='ocrx_word' id='word_1_396' title='bbox 346 2846 380 2893; x_wconf 84' lang='lat' dir='ltr'><strong>r)</strong></span> <span class='ocrx_word' id='word_1_397' title='bbox 411 2845 545 2882; x_wconf 85' lang='lat' dir='ltr'><strong>Praelia</strong></span> <span class='ocrx_word' id='word_1_398' title='bbox 568 2846 605 2881; x_wconf 86' lang='lat' dir='ltr'><em>E</em></span> <span class='ocrx_word' id='word_1_399' title='bbox 623 2846 661 2881; x_wconf 88' lang='lat' dir='ltr'><em>F</em></span> <span class='ocrx_word' id='word_1_400' title='bbox 678 2845 697 2881; x_wconf 84' lang='grc' dir='ltr'><strong><em>λ</em></strong></span> <span class='ocrx_word' id='word_1_401' title='bbox 720 2844 757 2891; x_wconf 85' lang='grc' dir='ltr'><strong>(σ</strong></span> <span class='ocrx_word' id='word_1_402' title='bbox 776 2858 799 2893; x_wconf 82' lang='lat'><em>9</em></span> <span class='ocrx_word' id='word_1_403' title='bbox 821 2852 854 2880; x_wconf 83' lang='lat' dir='ltr'><strong>et</strong></span> <span class='ocrx_word' id='word_1_404' title='bbox 882 2845 1006 2881; x_wconf 81' lang='lat' dir='ltr'><strong>Fran.</strong></span> <span class='ocrx_word' id='word_1_405' title='bbox 1038 2843 1118 2877; x_wconf 84' lang='lat' dir='ltr'><strong>Plia</strong></span> <span class='ocrx_word' id='word_1_406' title='bbox 1139 2856 1162 2879; x_wconf 80' lang='grc' dir='ltr'><strong><em>ν</em></strong></span> <span class='ocrx_word' id='word_1_407' title='bbox 1192 2842 1313 2877; x_wconf 83' lang='lat' dir='ltr'><strong>Prelia</strong></span> <span class='ocrx_word' id='word_1_408' title='bbox 1343 2841 1384 2893; x_wconf 82' lang='grc' dir='ltr'><strong>β)</strong></span> <span class='ocrx_word' id='word_1_409' title='bbox 1473 2843 1583 2880; x_wconf 86' lang='lat' dir='ltr'><strong>uelud</strong></span> <span class='ocrx_word' id='word_1_410' title='bbox 1614 2858 1639 2895; x_wconf 79' lang='lat' dir='ltr'><em>y</em></span> 
     </span>
    </p>
   </div>
   <div class='ocr_carea' id='block_1_13' title="bbox 221 2921 1482 2957">
    <p class='ocr_par' dir='ltr' id='par_1_14' title="bbox 221 2921 1482 2957">
     <span class='ocr_line' id='line_1_43' title="bbox 221 2921 1482 2957; baseline -0.002 -1"><span class='ocrx_word' id='word_1_411' title='bbox 221 2933 410 2957; x_wconf 74' lang='lat' dir='ltr'><strong>RORA&#39;I&#39;IVS</strong></span> <span class='ocrx_word' id='word_1_412' title='bbox 436 2934 467 2956; x_wconf 88' lang='lat'><strong>11</strong></span> <span class='ocrx_word' id='word_1_413' title='bbox 494 2931 508 2955; x_wconf 86' lang='lat'><em>1</em></span> <span class='ocrx_word' id='word_1_414' title='bbox 1441 2921 1482 2954; x_wconf 85' lang='lat'><strong>12</strong></span> 
     </span>
    </p>
   </div>
  </div>
 </body>
</html>
