1820 3094
738 132 820 158 ΜΒ.
848 131 881 157 11
909 130 942 164 3,
966 129 1085 156 se-uo
1598 113 1677 156 121

257 249 296 284 et
325 243 512 298 quicquid
543 243 661 284 uolet.
722 243 819 290 hoc,
851 242 976 284 ueluti
1007 243 1154 284 uirtute
1183 247 1384 297 paratum,

256 320 431 371 sperauit
460 330 626 371 magnae
657 317 764 358 laudi
794 318 891 358 fore.
954 317 1048 379 quid
1079 317 1210 358 simile
1239 318 1306 358 isti

258 394 432 434 Graecus
462 394 703 446 Aristippus,
736 393 804 444 qui
834 404 975 432 seruos
1005 392 1190 444 proicere
1221 404 1360 432 aurum
1615 398 1680 429 100

258 468 298 507 in
329 466 458 507 media
489 467 606 507 iussit
635 466 775 519 Libya,
808 467 897 518 quia
929 465 1082 506 tardius
1111 467 1218 506 irent

257 547 423 595 propter
454 553 553 580 onus
583 541 750 592 segnes?
790 544 879 579 uter
910 544 970 579 est
998 540 1177 580 insanior
1209 540 1378 581 horum?

258 615 312 656 nil
343 616 423 667 agit
453 613 697 667 exemplum,
730 614 838 654 litem
872 614 976 665 quod
1007 613 1075 653 lite
1106 613 1283 655 resoluit.

262 689 386 741 siquis
418 693 524 728 emat
556 688 748 735 citharas,
782 692 935 740 emptas
965 692 1176 740 conportet
1205 689 1245 728 in
1278 701 1418 734 unum,

258 776 332 804 nec
362 763 491 804 studio
522 762 698 804 citharae
729 775 804 802 nec
834 774 971 802 musae
1001 761 1160 803 deditus
1190 761 1281 808 ulli,
1614 768 1678 800 105

259 839 291 878 si
322 837 477 890 scalpra
508 844 547 878 et
577 837 726 877 formas
756 849 834 877 non
867 842 997 884 sutor,
1030 837 1186 877 nautica
1216 836 1304 877 uela

260 924 426 953 auersus
456 913 711 957 mercaturis,
744 910 895 951 delirus
926 916 965 952 et
995 924 1133 951 amens

251 986 435 1039 undique
467 985 621 1026 dicatur
651 987 804 1026 merito.
868 986 936 1038 qui
966 985 1168 1039 discrepat
1196 985 1300 1033 istis,

260 1062 327 1111 qui
359 1073 544 1101 nummos
575 1073 796 1113 aurumque
826 1060 1027 1107 recondit,
1061 1061 1219 1101 nescius
1252 1061 1308 1100 uti

259 1135 487 1187 compositis
517 1138 780 1186 metuensque
807 1134 921 1175 ,uelut
950 1135 1186 1187 contingere
1217 1136 1397 1175 sacrum?
1614 1142 1680 1173 110

145 1274 414 1303 TESTIMONIA.

239 1341 304 1373 100
329 1340 376 1375 cf.
402 1340 538 1373 Auson.
565 1340 619 1374 ed.
638 1343 677 1381 3,
698 1342 756 1374 13:
789 1341 956 1384 ‘spargit
979 1341 1047 1374 Ar,
1073 1340 1204 1374 mediis
1234 1341 1272 1373 in
1302 1340 1472 1383 Syrtibus
1505 1345 1679 1373 aurum’

238 1387 302 1418 103
325 1386 405 1418 Aer.
430 1386 477 1418 ad
502 1397 535 1419 u.
554 1388 620 1419 210
644 1385 796 1429 florileg.
825 1387 941 1419 Paris,
966 1388 1056 1420 8069
1083 1389 1120 1419 et
1144 1387 1377 1419 Nostradam.
1407 1388 1470 1420 188
1542 1388 1607 1420 105
1631 1387 1680 1419 cf.

147 1431 293 1464 eebasis
318 1432 459 1473 captiui
483 1433 566 1464 207:
599 1435 691 1464 ‘nec
715 1431 838 1464 studio
865 1432 1047 1470 citharae,
1079 1443 1151 1465 nee
1173 1443 1300 1464 musae
1325 1431 1476 1465 deditus
1499 1431 1587 1464 ulli’

239 1478 302 1510 106
335 1477 441 1510 ‘hinc
473 1477 586 1510 etiam
609 1477 791 1510 Horatius
824 1477 863 1509 in
889 1477 987 1510 odis:
1027 1478 1060 1510 si
1091 1496 1135 1500 ——
1165 1480 1288 1511 sutor’
1315 1478 1427 1520 gloss.
1461 1478 1540 1511 Mai
1572 1478 1679 1511 class.

146 1524 244 1560 auct.
270 1522 359 1555 VIII
383 1523 446 1556 551
544 1523 608 1556 109
633 1533 683 1565 sq,
711 1523 819 1556 Vinc.
846 1522 939 1556 Bell.
971 1533 1073 1567 speca
1098 1523 1184 1558 hist.
1211 1525 1254 1557 69
1279 1523 1385 1556 floril.
1412 1524 1537 1558 Nostr.
1565 1525 1630 1557 188

143 1638 270 1666 VARIA
299 1638 453 1665 LEOTIO
460 1657 468 1665 .

256 1696 374 1732 iustus
395 1691 556 1746 sapiens]
589 1696 732 1745 sapiens
754 1699 872 1734 iustus
893 1698 961 1745 By
982 1709 1064 1745 opp.
1088 1697 1292 1735 Priscian.⁴
1307 1698 1523 1736 Hildebert.
1556 1698 1680 1734 iustus

110 1767 112 1769 ·
145 1758 182 1787 et
212 1752 360 1798 sapiens
392 1754 612 1790 Vincentius
710 1765 754 1790 ne
775 1768 800 1804 γ
817 1755 854 1791 F
879 1753 918 1805 (β
928 1751 974 1791 ’ν
990 1764 1012 1790 σ
1031 1767 1096 1802 pr.
1122 1757 1135 1792 l
1164 1757 1204 1792 in
1233 1747 1314 1792 ras.
1335 1755 1369 1803 r)
1394 1750 1487 1793 Acr'.
1507 1757 1680 1794 Priscia-

143 1821 218 1847 nus
245 1812 362 1858 flor-il.
395 1810 575 1847 Nostrad.
609 1822 680 1859 que
711 1811 795 1848 DE
812 1811 839 1858 (l
860 1811 964 1858 uar.)
997 1811 1066 1849 Ac.
1095 1814 1212 1860 florii.
1235 1806 1375 1850 Paris.
1408 1813 1544 1851 88182
1575 1816 1678 1851 omis.

143 1876 179 1915 ψ
201 1879 304 1904 corr.
324 1865 345 1903 λ
366 1866 403 1916 (9
423 1875 446 1903 6
468 1879 571 1905 corr.
595 1874 628 1902 et
648 1866 674 1917 β
692 1880 733 1915 p.
758 1867 854 1916 ras.)
877 1870 1128 1906 Hildebertus
1160 1870 1383 1919 Vincentius
1407 1866 1597 1921 [mariam
1628 1872 1682 1906 hic

143 1925 295 1968 codices,
329 1925 390 1959 alii
417 1924 616 1970 sapiensne
648 1925 753 1958 etiam
785 1930 822 1959 et
852 1938 936 1969 rex;
974 1927 1052 1969 alii,
1085 1926 1311 1972 sapiensque
1342 1927 1450 1973 etiam
1482 1940 1566 1973 rex3
1607 1929 1680 1973 alii,

144 1981 369 2026 sapiensque
400 1981 508 2015 etiam
539 1986 576 2015 et
604 1994 668 2015 rex
688 1983 839 2018 habent'
863 1979 999 2033 Cruq]
1034 1984 1124 2016 ‘aut
1144 1983 1386 2032 interrogatio
1409 1974 1596 2018 au'dient'is
1618 1990 1683 2019 aut

144 2036 300 2072 dicentis
331 2036 538 2072 dubitatio’
567 2039 661 2075 Acr.
770 2045 807 2076 et
836 2036 942 2083 Ω’ς’
973 2038 1210 2077 Priscianus
1241 2041 1462 2078 Vincentius
1491 2042 1588 2078 omis.
1611 2053 1681 2090 93]

144 2095 394 2132 Hildebertus
422 2097 538 2143 floril.
563 2096 692 2132 Paris.
716 2095 848 2134 8818³
871 2097 1055 2134 Nostrae.
1136 2096 1188 2134 98
1221 2097 1396 2146 quidquid
1418 2094 1504 2135 Ft'
1527 2097 1577 2147 (9)
1599 2112 1624 2147 y

144 2149 277 2202 ueluti]
310 2152 412 2189 uelut
442 2153 478 2188 in
512 2144 549 2187 λ’
579 2165 660 2199 opp.
693 2154 763 2190 Ac.
798 2153 937 2190 uelutin
967 2155 1005 2191 F
1098 2154 1148 2192 99
1181 2165 1310 2202 magne
1341 2155 1414 2191 Et
1518 2155 1604 2204 quid
1636 2157 1683 2192 si-

94 2245 97 2247 ,
145 2208 228 2245 mile
265 2205 342 2258 isti]
383 2209 633 2259 Dissimilisne
670 2211 827 2248 Peerlk.
861 2224 942 2258 opp.
975 2211 1046 2248 Ac.
1123 2247 1125 2249 ,
1171 2211 1278 2248 simili
1310 2212 1348 2248 E
1381 2226 1461 2259 opp.
1494 2214 1564 2249 Ac.

146 2266 228 2303 100
258 2265 393 2314 Grecus
424 2267 462 2302 F
477 2267 543 2315 Pf.
578 2267 712 2303 Greeus
743 2262 844 2304 cett.'
864 2269 962 2315 Pplz.
985 2268 1052 2305 Ac.
1144 2265 1328 2319 proicere]
1355 2270 1503 2318 <piecere
1528 2270 1597 2317 Ey

147 2322 239 2360 101·
258 2322 424 2359 immedia
454 2324 490 2360 D
617 2323 711 2372 libya
742 2317 834 2360 Ft‘
865 2324 949 2361 libia
979 2326 1099 2376 DEy
1229 2324 1307 2362 102
1341 2338 1433 2363 onus
1465 2327 1540 2376 Dy
1560 2323 1684 2371 Ft'g

144 2380 261 2415 honus
284 2380 322 2415 E
339 2378 376 2427 (r
396 2392 433 2416 α.
455 2392 535 2418 ras.
560 2387 592 2416 et
614 2380 751 2427 Fran.)
841 2382 920 2420 103
952 2379 1070 2432 quod]
1105 2382 1191 2431 quid
1223 2382 1287 2418 D1
1310 2388 1378 2420 aut
1395 2396 1459 2431 pr.
1483 2396 1563 2430 opp.
1588 2383 1679 2421 Aer.

146 2474 148 2476 .
256 2436 355 2472 litem
387 2434 504 2488 quod]
538 2437 637 2484 quod
668 2437 765 2471 litem
794 2451 820 2487 y
849 2439 914 2486 Pf.
944 2441 1061 2487 florii.
1092 2440 1222 2476 Paris.
1247 2439 1356 2477 8069
1390 2441 1575 2478 Nostrad.
1601 2441 1681 2478 188

143 2506 225 2541 opp.
257 2493 356 2545 Pph.
390 2493 481 2530 Aer.
514 2496 567 2531 ad
595 2506 630 2531 u.
654 2493 737 2533 210
823 2507 888 2532 uu.
915 2494 1324 2538 104—140,om2·ttere
1352 2498 1494 2533 uidetur
1525 2490 1682 2545 Porph.'

260 2548 343 2587 104·
371 2547 504 2601 siquis]
537 2551 672 2597 Sequis
704 2551 775 2589 Ae.
864 2553 1016 2600 citharas
1053 2553 1192 2603 DEiy
1222 2554 1387 2602 cytharas
1410 2546 1529 2591 ‘FU‘
1597 2566 1683 2591 con·

143 2612 266 2656 portet
289 2607 370 2643 EF
386 2606 424 2653 (v
445 2614 478 2643 et
498 2607 538 2658 β)
569 2614 775 2656 comportet
796 2604 880 2645 Dt'
902 2608 1035 2658 (oayr
1055 2617 1088 2646 et
1108 2609 1249 2658 Fran.)
1340 2611 1419 2648 105
1452 2611 1592 2660 cithare
1612 2612 1681 2660 Dy

144 2664 312 2713 cytharae
343 2660 472 2700 EFt'
563 2665 642 2702 106
674 2667 795 2702 nautia
825 2666 889 2702 Ελ
907 2678 948 2713 p.
971 2678 1052 2704 ras.
1145 2667 1224 2705 108
1257 2668 1319 2716 qui
1349 2660 1574 2717 yFt'Dp.
1599 2679 1682 2711 resq

97 2756 100 2758 .
145 2718 229 2770 (β’ν
241 2728 295 2756 σν
322 2727 354 2755 ct
383 2733 479 2758 omn.
512 2723 620 2759 codd.
655 2721 732 2769 Cr.)
762 2723 831 2759 Ac.
866 2723 1019 2772 quichD
1040 2736 1075 2760 α.
1100 2736 1181 2761 ras.
1205 2725 1244 2760 Ε
1263 2723 1312 2772 (9)
1407 2725 1486 2761 istis
1518 2723 1682 2775 ΒΕγψ

145 2789 248 2815 corr.
273 2776 344 2825 (σα
353 2777 421 2826 qr)
443 2777 513 2816 Ac.
545 2780 613 2815 iste
634 2775 717 2815 Ft'
739 2778 778 2828 (β
787 2775 823 2814 ’ν
845 2786 877 2815 et
899 2780 922 2816 2
945 2780 1105 2827 Βίαντά.)
1196 2780 1276 2819 109
1309 2778 1389 2832 qui]
1425 2781 1482 2815 hic
1518 2782 1679 2821 Vincen-

145 2836 221 2872 tius
308 2835 389 2873 110
419 2835 637 2881 Conpositis
666 2847 689 2871 ν
777 2836 887 2874 uelud
917 2836 939 2873 λ
1025 2838 1214 2887 contigere
1242 2850 1285 2888 γ’
1316 2852 1319 2854 ·
1452 2868 1454 2870 .
1648 2870 1651 2873 .
1678 2841 1680 2845 “
