1930 3094
762 139 999 168 PRAEFATIO
1574 141 1645 167 XIX

104 254 276 292 nerunt!
328 258 369 291 et
412 253 578 305 quando
624 255 792 294 tandem
836 254 928 293 finis
977 254 1055 292 erit
1099 253 1142 292 in
1189 266 1314 292 unam
1351 253 1489 292 omnia
1527 255 1643 306 quasi

104 321 293 374 copulam
322 321 556 360 coniciendi
594 327 646 361 et-
665 323 709 361 in
739 322 889 362 Horati
926 322 1109 378 carmina
1147 322 1393 361 coniecturis
1431 322 1643 362 oneranda

103 389 303 429 acuminis
333 389 441 428 uires
472 389 775 441 profundendi,
820 390 931 443 quod
962 390 1015 430 ad
1045 395 1260 429 sexcentos
1292 386 1394 429 alios
1424 390 1644 443 scriptores

103 457 383 497 restituendos
414 457 538 509 longe
578 457 718 497 utilius
758 464 799 497 et
837 458 1069 511 exoptatius
1102 460 1184 497 est!
1231 463 1412 497 ceterum
1450 460 1643 510 quoniam

105 526 444 566 exercitationum
473 525 618 578 quales
648 525 691 564 in
713 526 974 578 philologieis
1004 539 1110 577 quae
1142 526 1286 565 dicunt
1306 526 1536 565 seminariis
1556 527 1644 566 fieri

103 594 256 643 solent,
303 593 451 646 quibus
489 594 598 633 inter
643 595 894 646 gratissimos
939 599 980 632 et
1025 594 1079 633 ad
1118 593 1364 641 discendum
1406 595 1644 634 utilissimos

103 668 247 715 poetas
266 662 464 702 Horatius
494 675 658 714 semper
679 663 775 711 erit,
808 663 1026 702 maximam
1054 660 1308 702 habebamus
1338 663 1559 711 rationem,
1595 675 1646 702 ex

103 731 264 783 ingenti
292 731 617 770 coniecturarum
639 731 757 783 copia
777 731 847 770 uel
869 731 973 770 silua
994 743 1096 782 quas
1117 730 1335 770 Bentleius
1354 730 1522 769 Heinsii
1542 731 1643 770 Bur-

103 812 296 847 mannus,
336 811 471 851 nuper
501 798 724 851 Grruppeus
767 799 963 838 Lehrsius
1002 797 1256 838 Ribbeckius
1288 798 1359 838 alii
1395 799 1448 838 ad
1494 812 1643 839 acuen-

105 867 202 907 dum
230 867 445 919 ingenium
477 868 817 920 excogitauerunt
847 881 1059 919 magnum,
1093 873 1294 919 quantum
1324 869 1368 906 in
1400 866 1519 907 nobis
1550 868 1641 915 fuit,

104 949 318 975 numerum
364 936 655 988 congessimus.
725 949 779 975 ne
825 936 952 988 igitur
997 936 1182 987 proxime
1228 936 1357 975 factas
1405 936 1475 975 uel
1513 937 1643 975 omnis

102 1004 172 1044 uel
210 1003 441 1056 aequaliter
475 1004 664 1043 laudatas
705 1010 898 1057 quaerat,
938 1003 1135 1043 lectorem
1174 1003 1414 1043 beniuolum
1444 1005 1643 1044 monitum

103 1071 294 1112 uelimus.

213 1140 359 1179 Restat
387 1146 434 1179 ut
463 1140 512 1180 iis
544 1139 754 1189 omnibus,
788 1153 961 1193 quorum
997 1141 1042 1179 in
1072 1140 1151 1180 hac
1182 1141 1274 1193 ipsa
1304 1142 1567 1193 praefatione
1602 1147 1643 1181 et

101 1209 145 1247 in
183 1208 315 1248 altera
350 1210 506 1249 mentio
547 1210 657 1249 facta
700 1215 778 1258 est,
823 1214 869 1248 ut
907 1210 951 1247 in
989 1209 1131 1261 primis
1171 1209 1359 1249 Hartelio
1399 1209 1643 1248 Woelfflino

101 1276 289 1316 Nauckio
326 1277 477 1316 Nolteo
512 1278 700 1317 Vsenero
737 1277 931 1329 Hagenio
969 1277 1166 1326 Kurtzio,
1210 1283 1250 1316 et
1286 1278 1535 1330 quicumque
1573 1284 1645 1317 aut

102 1345 274 1385 consilio
305 1351 375 1384 aut
404 1359 448 1385 re
480 1346 596 1398 operi
634 1351 774 1385 nostro
813 1345 1053 1385 adiumenta
1090 1346 1320 1385 attulerunt
1358 1359 1406 1384 ac
1444 1345 1640 1395 subsidia,

103 1415 255 1466 gratias
294 1426 463 1466 agamus
500 1427 623 1466 quam
663 1415 873 1454 maximas.
942 1414 1096 1453 deinde
1142 1414 1316 1466 gratiam
1360 1414 1643 1466 praedicamus

102 1482 152 1521 iis
191 1481 291 1521 uiris
321 1482 638 1531 honestissimis,
679 1483 749 1535 qui
781 1482 975 1521 ‘candidi
1005 1482 1186 1521 iudices'
1220 1481 1326 1521 bene
1358 1495 1450 1521 sese
1483 1482 1535 1521 de
1565 1482 1644 1521 hoc

101 1549 206 1589 libro
238 1550 470 1590 existimare
500 1550 570 1590 uel
600 1552 642 1589 in
674 1551 775 1590 actis
808 1551 965 1590 diurnis
997 1550 1066 1590 uel
1103 1551 1146 1589 in
1177 1549 1293 1589 libris
1332 1551 1414 1590 suis
1446 1550 1570 1602 plane
1603 1556 1644 1589 et

103 1618 287 1670 ingenue
322 1624 420 1657 sunt
457 1619 652 1671 professi:
692 1632 774 1672 qua
811 1633 856 1659 re
894 1620 1069 1658 fortasse
1107 1618 1260 1658 factum
1299 1624 1379 1666 est,
1422 1624 1468 1658 ut
1505 1618 1643 1658 studia

101 1691 242 1726 nostra
278 1687 428 1726 iterum
466 1687 695 1739 iterumque
725 1687 1054 1740 accenderentur
1098 1699 1175 1725 nec
1219 1687 1334 1739 longi
1382 1687 1644 1739 difficilisque

99 1754 252 1794 laboris
290 1755 429 1794 taedio
470 1755 839 1795 succumberemus.
913 1756 1035 1794 tertio
1076 1756 1298 1812 triumuiris
1345 1755 1426 1794 illis
1471 1756 1642 1807 ingenio

103 1823 290 1862 doctrina
336 1823 596 1876 docendique
640 1824 839 1863 facultate
886 1824 1246 1871 praestantissimis
1290 1822 1642 1863 RITSCHELIO

100 1890 368 1931 KAYSERO
399 1891 749 1940 TEVFFELIO,
790 1892 878 1944 qui,
921 1905 1002 1944 quo
1041 1891 1160 1930 simul
1199 1891 1334 1943 pietas
1374 1896 1515 1930 nostra
1545 1905 1644 1944 erga

101 1965 391 2012 praeceptores
421 1961 732 2012 significaretur,
764 1966 808 1998 ut
839 1960 938 2012 ipsis
968 1960 1040 1998 tris
1071 1959 1212 2011 primis
1243 1959 1364 1998 huius
1386 1959 1480 1998 libri
1505 1966 1643 2011 partes

103 2015 407 2076 dedicaremus,
439 2028 622 2080 benigne
653 2029 946 2081 permiserunt,
979 2027 1161 2079 ingentis
1194 2028 1352 2079 agimus
1375 2033 1525 2079 grates.
1574 2040 1642 2066 eos

102 2102 260 2144 autem,
294 2097 365 2148 qui
394 2096 506 2135 hunc
526 2095 673 2136 librum
703 2095 956 2144 tractabunt,
990 2109 1172 2143 oramus,
1205 2102 1251 2134 ut
1281 2095 1324 2134 id
1355 2095 1522 2148 quidem
1553 2109 1641 2148 per-

101 2177 265 2204 suasum
293 2163 496 2213 habeant,
538 2165 781 2216 diligentiae
819 2178 895 2204 nos
934 2177 1096 2216 semper
1134 2177 1301 2216 operam
1338 2163 1520 2212 dedisse,
1565 2177 1644 2203 nec

102 2239 146 2271 ut
175 2233 220 2271 fit
257 2245 347 2272 eam
379 2231 429 2272 ob
461 2246 636 2281 causam,
679 2233 791 2286 quod
828 2232 954 2272 semel
992 2232 1101 2285 quid>
1133 2232 1329 2280 diximus,
1371 2232 1641 2284 pertinaciter

102 2302 145 2339 in
184 2315 320 2340 errore
358 2313 525 2340 manere
562 2314 686 2353 quam
732 2301 853 2340 fateri
890 2302 1101 2349 maluisse,
1150 2314 1224 2339 nos
1265 2300 1475 2339 interdum
1517 2300 1642 2339 falsos

102 2382 204 2408 esse.
267 2369 338 2422 qui
381 2382 480 2408 uero
526 2375 681 2409 temere
725 2370 836 2408 hunc
876 2369 1026 2408 librum
1072 2369 1268 2408 damnare
1307 2368 1504 2416 uoluerit,
1553 2368 1642 2420 ipse

102 2437 226 2476 talem
262 2438 352 2476 siue
391 2437 496 2476 tanti
533 2436 686 2476 laboris
724 2438 1008 2490 inpensaeque
1045 2437 1193 2477 librum
1234 2437 1440 2485 conficiat,
1489 2436 1642 2475 deinde

104 2505 156 2544 de
185 2511 360 2560 utroque
390 2505 607 2546 iudicetur.

214 2573 266 2612 In
298 2574 625 2626 orthographicis
658 2573 839 2626 denique
869 2574 992 2614 rebus
1032 2574 1209 2613 eandem
1246 2574 1449 2613 rationem
1479 2573 1640 2611 institu-

102 2641 340 2694 tionemque
372 2642 703 2681 conseruauimus
734 2655 856 2694 quam
893 2642 937 2680 in
967 2643 1178 2681 uolumine
1208 2642 1248 2690 I,
1289 2643 1348 2680 ita
1385 2640 1553 2693 quidem
1582 2646 1639 2688 ut,

103 2721 224 2760 quam
254 2710 429 2749 maxime
448 2716 702 2762 poteramus,
735 2708 831 2748 libri
861 2709 1076 2763 archetypi
1106 2711 1174 2749 uel
1195 2711 1324 2762 ipsius
1344 2709 1494 2748 Horati
1525 2708 1641 2747 effin-

104 2790 289 2827 geremus
320 2779 562 2831 scripturas,
596 2792 673 2818 nec
694 2778 927 2818 inuenimus
957 2792 1064 2830 quae
1095 2779 1404 2830 refragarentur
1424 2777 1586 2829 legibus
1618 2791 1641 2816 a

103 2843 220 2884 nobis
259 2842 382 2897 [mus.
421 2847 556 2886 Rhen.
596 2847 706 2885 XXI
743 2859 783 2898 p.
823 2846 902 2884 241
942 2845 1051 2899 sqqs]
1098 2846 1261 2886 statutis
1309 2846 1359 2885 de
1406 2846 1640 2885 accusatiuo

1667 2565 1712 2584 res
1728 2557 1824 2584 ortho-

1670 2591 1820 2626 graphica.
