1890 3106
818 161 884 190 vv.
917 161 1055 188 312—334
1287 138 1302 155 ’
1623 147 1704 190 361

282 272 386 313 filius
417 272 569 313 Albini:
603 274 637 313 si
667 273 716 313 de
748 275 973 326 quincunce
1004 280 1195 315 remotast

282 348 420 393 uncia,
453 347 547 398 quid
579 349 767 401 superat?
798 354 958 400 poteras
988 348 1170 389 dixisse'.
1223 350 1408 389 ‘triens'.
1443 350 1534 390 ‘cul

279 433 367 460 rem
399 422 551 474 poteris
580 433 746 462 seruare
779 427 900 465 tuam.
960 422 1065 462 redit
1095 423 1230 469 uncia,
1263 423 1355 476 quid
1388 424 1482 463 fit?’

281 496 463 535 ‘semis’.
524 501 563 535 at
593 495 692 535 haec
724 497 876 536 animos
907 508 1054 548 aerugo
1087 502 1125 536 et
1155 509 1250 537 cura
1279 497 1412 550 peculi
1639 505 1707 536 330

280 582 371 609 cum
402 568 525 609 semel
555 569 762 615 imbuerit,
795 582 1004 622 speramus
1033 571 1210 611 carmina
1240 571 1335 623 fingi

278 655 396 695 posse
425 643 584 683 linenda
616 643 737 684 cedro
767 649 806 683 et
835 643 914 684 leui
946 645 1143 685 seruanda
1173 646 1383 698 cupresso!

278 722 346 756 aut
376 717 568 770 prodesse
600 717 760 765 uolunt,
793 723 861 759 aut
890 718 1090 759 delectare
1120 725 1281 772 poetae,

279 795 348 831 aut
378 791 496 832 simul
529 797 567 832 et
596 792 769 832 iucunda
803 799 842 832 et
871 791 1013 833 idonea
1045 793 1180 833 dicere
1211 794 1330 834 uitae.

163 919 436 969 TEST1M6N1A.

278 997 345 1030 329
370 999 382 1016 ²
391 996 481 1029 Rem
505 996 645 1038 poterit
670 1006 819 1029 seruare
846 1000 970 1030 suam'
1003 997 1158 1039 florileg.
1184 998 1420 1031 Nostradam.
1560 1000 1628 1032 330
1653 1008 1706 1041 sq.

165 1041 335 1074 ‘Animos
358 1059 402 1064 —
428 1042 537 1084 fingi’
563 1042 717 1085 florileg.
742 1043 977 1076 Nostradam.
1071 1045 1138 1077 332
1165 1044 1214 1077 cf.
1239 1045 1391 1077 Persius
1417 1047 1448 1086 1,
1474 1045 1536 1076 42:
1562 1047 1622 1077 ‘et
1648 1055 1706 1076 ce-

163 1086 227 1120 dro
253 1087 366 1130 digna
390 1087 534 1121 locutus
560 1087 776 1131 (carmina)²
802 1089 988 1121 Ausonius
1014 1089 1130 1131 epigr.
1149 1091 1209 1130 34,
1230 1091 1271 1122 13
1288 1100 1360 1132 sq.:
1388 1089 1517 1122 ‘huius
1541 1090 1579 1122 in
1605 1090 1706 1122 arbi—

163 1133 234 1165 trio
259 1136 332 1170 est,
358 1143 424 1166 seu
442 1136 479 1165 te
496 1132 738 1166 iuuenescere
755 1134 864 1167 cedro
891 1144 956 1167 seu
972 1135 1101 1168 iubeat
1125 1135 1226 1167 duris
1243 1136 1432 1168 uermibus
1458 1145 1539 1168 esse
1561 1136 1702 1168 cibum'

276 1180 467 1212 333—337
495 1178 697 1222 florileg.
723 1179 1004 1213 Nostradam.
1111 1182 1178 1213 333
1204 1191 1257 1223 sq.
1284 1181 1503 1215 Vincentius
1529 1180 1705 1213 Belloua-

164 1224 285 1257 censis
316 1224 457 1267 specul.
482 1224 611 1257 histor.
637 1224 707 1259 VlI
734 1226 777 1258 67
807 1225 968 1259 Ioannes
999 1225 1297 1259 Saresbericnsis
1328 1226 1456 1269 polier.
1486 1226 1505 1258 Ι
1535 1227 1568 1259 8.
1609 1226 1706 1259 idem

163 1270 300 1302 rectius
323 1270 499 1313 metalog.
524 1269 560 1302 11
583 1270 605 1302 8
698 1272 765 1303 334
790 1271 943 1305 Seruius
969 1272 1014 1303 ad
1034 1273 1126 1306 Aen.
1151 1273 1203 1306 VI
1226 1273 1292 1305 660

162 1419 290 1446 VARIA
321 1419 489 1446 LEc'rlo.

277 1478 440 1532 centum]
469 1494 514 1519 ·c·
538 1483 575 1519 B
661 1483 756 1520 dicat
776 1480 907 1528 Ω,’ς”
929 1490 1088 1522 (ructat.
1124 1486 1329 1523 Vindobon.
1361 1485 1462 1520 dicas
1484 1486 1706 1530 Remmius,-

161 1542 208 1585 cs.
241 1549 275 1575 c.
309 1539 320 1574 Ι
353 1538 420 1586 27,
453 1540 506 1577 10
636 1540 717 1577 327
749 1540 877 1578 Fillius
910 1541 930 1577 λ
951 1554 988 1578 α.
1012 1553 1094 1579 ras.
1204 1542 1282 1578 alba
1313 1543 1382 1579 uisi
1413 1543 1705 1592 dequincuncere

163 1600 296 1631 motast
327 1595 356 1632 C
376 1606 385 1631 1
477 1595 594 1633 albani
615 1596 654 1633 B
675 1597 704 1634 C
724 1608 736 1634 1
757 1597 796 1645 (v
817 1611 840 1635 α
863 1611 888 1635 v
903 1610 971 1646 pr.
995 1605 1029 1634 et
1048 1597 1089 1648 β)
1110 1598 1219 1636 albini
1244 1594 1490 1644 cett.';'‘Ac.
1513 1606 1560 1638 tr.
1595 1601 1702 1639 Vind.

274 1674 361 1712 sede
391 1655 464 1724 (ἰδίῃ.
489 1677 526 1712 Β
605 1677 812 1725 quinqunce
834 1691 859 1715 u
881 1679 1084 1727 quincunce
1107 1675 1315 1716 censeam.
1341 1676 1392 1723 ς”
1468 1660 1645 1718 Γεωοῑεῗεῑ
1679 1680 1709 1717 C

162 1737 302 1768 remota
332 1737 388 1768 est
419 1729 519 1770 cett!
540 1746 635 1769 cons.
669 1730 719 1778 ς”
838 1734 919 1772 328
951 1735 1055 1772 Πῃιίει
1085 1748 1110 1773 u
1141 1735 1253 1773 Uncta
1283 1736 1321 1772 B
1407 1734 1704 1785 superatsz‘g''

163 1793 321 1825 tractat.
358 1789 561 1827 Vindobon.
594 1797 763 1839 superest
792 1804 817 1841 γ
837 1804 925 1829 uar.
948 1805 974 1840 y
1005 1798 1158 1838 superet
1180 1804 1206 1840 y
1226 1789 1550 1845 [Zulichcmiam]
1573 1795 1702 1833 Bentl.

275 1850 421 1894 poteras
452 1846 490 1882 B
511 1846 541 1884 C
558 1848 596 1884 F
614 1843 655 1882 λ’
670 1844 694 1884 ὃ
718 1858 726 1884 1
751 1860 776 1885 u
798 1848 832 1896 (τ
853 1862 876 1885 r
895 1861 922 1885 υ
943 1856 975 1884 et
995 1861 1026 1885 π
1045 1860 1062 1886 2
1081 1851 1206 1887 Fran.
1229 1850 1350 1897 Lips.)
1375 1856 1533 1888 tractat.
1570 1853 1705 1890 Vindo-

163 1902 247 1939 bon.
282 1908 424 1951 poterat
453 1916 477 1953 γ
497 1900 522 1939 ὃ
541 1915 558 1940 2
587 1903 626 1951 (ν
653 1913 676 1939 σ
704 1917 727 1941 α
758 1911 790 1940 et
818 1905 844 1952 β
871 1916 935 1942 πι
965 1907 1088 1943 Fran.
1119 1906 1224 1954 uar.)
1263 1908 1393 1945 Bentl.
1425 1909 1566 1953 poteris
1597 1910 1703 1947 Hor-

163 1959 288 1996 lcelius
326 1965 501 2005 properat
531 1960 847 1999 Schneidewinus
873 1964 1005 2010 philol.
1039 1963 1082 1999 ΙΙΙ
1112 1963 1214 2005 539;
1253 1970 1399 2012 poteras
1434 1980 1491 1994 =
1521 1971 1628 2011 potes
1666 1973 1706 2002 ut

175 2016 314 2065 Veryil.
347 2019 419 2053 ecl.
456 2018 499 2064 1,
532 2018 583 2055 79
615 2018 716 2055 Plin.
749 2021 858 2066 epist.
891 2019 934 2056 111
966 2020 1012 2067 5,
1044 2020 1096 2057 16
1132 2019 1239 2057 Ouid.
1273 2023 1371 2058 trist.
1405 2021 1432 2057 V
1467 2022 1512 2069 1,
1542 2022 1596 2060 49
1627 2034 1703 2060 me-

163 2077 252 2110 tam.
283 2073 296 2108 1
329 2073 409 2111 679
440 2074 537 2111 Hor.
570 2086 686 2112 serm.
707 2075 735 2111 li
761 2076 805 2123 1,
831 2077 882 2114 16
972 2076 1131 2120 dixisse,
1162 2077 1309 2112 triens?
1339 2079 1469 2125 interp.
1499 2079 1628 2116 Benll.

162 2140 207 2165 eu
227 2143 251 2180 y
272 2130 309 2166 B
331 2131 359 2166 (J
380 2126 403 2165 ὅ
422 2133 461 2168 in
482 2142 563 2168 ras.
588 2131 627 2179 (ν
646 2126 695 2168 π’
714 2137 756 2169 ut
777 2134 853 2170 uid.
877 2142 900 2169 6
920 2146 940 2169 τ
961 2146 984 2170 r
1003 2141 1037 2169 et
1056 2133 1083 2170 4
1104 2133 1265 2182 Bland.)
1296 2134 1366 2169 heu
1389 2148 1413 2172 α
1445 2141 1500 2172 est
1521 2137 1559 2173 F
1576 2133 1621 2173 λ’
1643 2134 1667 2173 ὃ
1690 2148 1703 2174 1

163 2191 204 2223 ut
223 2188 300 2224 uid.
325 2199 349 2224 u
371 2184 430 2237 (β’
454 2193 495 2225 ut
523 2191 600 2226 uid.
624 2188 662 2239 v)
696 2189 774 2223 hem
791 2201 819 2237 y
850 2203 892 2224 en
914 2202 940 2238 3]
974 2191 1063 2225 heus
1085 2203 1112 2239 y
1144 2189 1285 2236 eeuge'
1305 2194 1589 2239 interpretantur
1606 2195 1700 2231 Aer.

162 2250 196 2279 et
226 2249 384 2281 tractat.
420 2246 624 2283 Vindobon.
744 2246 825 2284 329
857 2247 976 2284 reddit
1007 2249 1044 2284 B
1138 2249 1239 2285 untia
1270 2261 1294 2285 u
1326 2251 1446 2286 unctia
1477 2250 1514 2286 B
1616 2251 1701 2299 quid

163 2306 220 2337 est
242 2300 302 2348 B,
334 2306 462 2339 utrum
492 2302 578 2351 quid
609 2302 650 2339 fit
671 2315 724 2340 an
755 2303 841 2352 quid
860 2306 908 2341 sit
929 2306 1110 2342 habuerit
1134 2305 1181 2353 C,
1213 2317 1289 2343 non
1309 2308 1429 2356 liquet
1535 2307 1618 2345 330
1640 2307 1703 2344 Se-

162 2358 218 2394 nis
249 2358 287 2394 B
373 2363 411 2393 at
438 2371 465 2406 y
488 2355 536 2409 [π
556 2371 572 2396 2
596 2360 616 2396 1
641 2361 724 2397 cod.
747 2361 854 2398 Feae
877 2362 898 2398 1
935 2363 1088 2400 Vazarti
1106 2362 1130 2399 2
1153 2363 1314 2411 Cruquii
1337 2375 1377 2411 p.
1409 2359 1513 2414 rasa]
1546 2376 1590 2400 an
1621 2365 1658 2401 B
1677 2377 1703 2413 y

163 2410 226 2465 [V
243 2422 276 2451 ει
298 2415 321 2452 2
344 2417 412 2452 alii
430 2415 574 2453 Bland.
598 2430 634 2454 α.
659 2413 786 2467 corr.]
807 2418 899 2459 idem
928 2420 1018 2455 coni.
1041 2419 1189 2457 Statius
1219 2419 1262 2456 ad
1283 2417 1386 2457 cett!
1401 2416 1453 2465 ς”
1475 2416 1588 2468 (πάί
1608 2420 1702 2468 uid.)

161 2475 207 2517 cs.
240 2478 425 2520 apparat.
458 2476 583 2511 critic.
615 2485 729 2511 serm.
762 2475 775 2510 l
805 2475 851 2523 6,
883 2475 951 2513 87.
983 2477 1130 2514 scholia
1160 2483 1281 2513 tacent
1375 2478 1442 2514 hec
1472 2490 1497 2515 u
1585 2489 1701 2527 erugo

164 2528 193 2565 C
211 2525 235 2565 ὃ
256 2542 281 2566 u
298 2541 407 2576 supr.
431 2543 468 2568 u.
557 2531 687 2579 peculii
710 2538 744 2578 ψ
764 2543 789 2568 u
811 2530 852 2579 (l)
881 2533 968 2579 flor.
992 2533 1122 2570 Nostr.
1155 2534 1275 2582 peculi
1297 2539 1385 2572 cett.
1409 2526 1460 2579 ς”
1481 2539 1526 2580 cs.
1561 2535 1700 2584 Veryil.

163 2587 235 2622 ecl.
269 2587 314 2633 1,
336 2586 410 2624 32:
443 2586 533 2622 enec
564 2598 653 2621 cura
682 2587 826 2633 peculi'
944 2589 1024 2627 331
1055 2589 1216 2627 inbuerit
1244 2596 1280 2639 ’ψ
1307 2603 1411 2631 corr.
1435 2590 1457 2627 λ
1476 2590 1526 2638 (et
1543 2590 1584 2641 β)
1613 2594 1700 2639 flor.

164 2642 346 2680 Nostrad.
377 2643 546 2681 imbuerit
567 2649 655 2682 cett.
681 2641 721 2689 ς’
817 2657 1003 2694 speramus
1023 2659 1048 2697 y
1068 2647 1105 2684 B
1127 2647 1157 2685 C
1174 2653 1209 2696 ψ
1231 2660 1336 2686 corr.
1357 2648 1378 2684 λ
1398 2660 1415 2685 2
1435 2645 1493 2696 (β’
1509 2661 1531 2685 ν
1551 2648 1590 2696 α)
1621 2660 1702 2698 spe-

162 2710 283 2737 remus
303 2701 342 2737 F
358 2697 399 2737 λ’
419 2698 443 2737 δ
464 2713 489 2739 u
516 2698 580 2749 (π’
597 2711 619 2737 6
639 2715 658 2737 τ
681 2714 702 2738 r
722 2700 762 2749 v)
795 2707 910 2740 tract.
953 2704 1060 2741 Vind.
1090 2705 1205 2748 florii.
1235 2705 1419 2742 Nostrad.
1452 2703 1701 2751 ‘sperandum

163 2757 243 2789 est’
275 2758 368 2794 Acr.
457 2759 658 2807 cupresso?
682 2760 864 2808 plerique
970 2772 1035 2798 uu.
1059 2761 1297 2799 332—346
1328 2768 1408 2808 post
1437 2774 1474 2800 u.
1499 2762 1581 2801 308
1600 2764 1702 2810 ponit

163 2812 349 2851 Lekrsius
492 2828 529 2853 u.
561 2816 642 2853 334
674 2818 742 2852 det.
778 2816 985 2864 Gruppeus
1129 2818 1212 2856 334
1243 2823 1307 2852 aut
1336 2819 1498 2853 iucunda
1528 2819 1635 2854 simul
1665 2827 1702 2854 et

163 2869 297 2905 idonea
326 2872 497 2910 Ioannes
518 2873 723 2910 Saresber.
741 2875 927 2921 policrat.
951 2887 1034 2922 opp.
1055 2877 1267 2924 metalogic.
1357 2872 1437 2927 aut]
1471 2881 1508 2911 et
1537 2877 1702 2915 Seruius
