1890 3106
686 138 768 164 mn.
802 139 814 163 1
846 137 878 169 2,
903 137 1016 164 64-71,
1044 139 1077 170 3,
1106 139 1190 164 ι-ιυ
1213 141 1247 162 ⁷-
1622 125 1706 167 209

899 250 968 290 III

277 332 351 374 luli
381 333 518 380 Flore,
553 333 696 385 quibus
729 340 927 375 terrarum
958 335 1100 375 militet
1131 336 1212 375 oris

278 407 462 448 Claudius
493 409 658 459 Augusti
687 409 919 460 priuignus,
952 410 1055 448 scire
1087 408 1239 450 laboro.

277 481 540 522 *Thraecane
573 494 644 522 uos
670 481 908 535 Hebrusque
939 482 1060 522 niuali
1091 483 1284 536 compede
1316 486 1496 531 uinctus,

277 570 326 597 an
358 557 458 596 freta
490 557 641 596 uicinas
670 557 776 596 inter
807 558 1008 597 currentia
1040 558 1178 602 turris,

277 644 326 671 an
356 632 525 684 pingues
555 630 670 670 Asiae
701 632 830 684 campi
860 630 1062 682 collesque
1093 616 1326 671 morantur?
1682 643 1702 674 5

275 705 369 758 quid
399 705 575 745 studiosa
606 704 749 745 cohors
780 715 946 758 operum
978 705 1119 745 struit?
1150 705 1226 745 hoc
1258 717 1416 759 quoque
1448 720 1558 748 curo.

275 781 362 833 quis
393 779 469 819 sibi
499 792 565 819 res
595 786 726 831 gestas
756 780 923 831 Augusti
953 778 1133 819 scribere
1162 781 1305 820 sumit?

276 853 376 893 bella
409 854 497 904 quis
528 859 567 893 et
596 866 715 906 paces
744 852 906 905 longum
938 853 1123 893 diffundit
1152 843 1425 895 inffaeuom?

275 928 368 979 quid
400 928 545 974 Titius,
577 927 754 967 Romana
787 927 902 968 breui
933 933 1127 968 uenturus
1158 929 1198 968 in
1231 942 1322 975 ora,

272 1002 472 1042 Pindarici
503 1003 623 1041 fontis
654 1003 720 1055 qui
751 1014 829 1041 non
863 1001 1052 1055 expalluit
1082 1001 1265 1048 haustus,
1657 1014 1700 1046 10

158 1118 429 1146 TESTIMONIA.

246 1174 266 1207 1
281 1175 315 1207 3.
348 1175 368 1205 2
394 1174 490 1206 scire
514 1169 660 1217 laboro]
687 1172 803 1206 isdem
827 1173 954 1205 uerbis
978 1173 1231 1206 hexametrum
1260 1173 1343 1207 finit
1374 1175 1541 1209 imitator
1564 1177 1699 1210 Horati

156 1220 308 1252 Persius
325 1221 357 1260 2,
377 1220 418 1252 17
494 1221 514 1251 3
541 1222 552 1239 ‘
565 1218 743 1262 compede
769 1217 936 1251 uinctus'
961 1220 1087 1252 echas.
1105 1220 1247 1262 captiui
1273 1231 1308 1252 u.
1327 1222 1393 1254 248
1412 1224 1448 1253 et
1465 1223 1533 1255 308
1609 1224 1629 1256 9
1649 1224 1696 1255 cf.

156 1265 294 1300 Auson.
319 1264 465 1298 Mosell.
494 1275 526 1298 u.
551 1265 637 1298 476:
669 1264 762 1299 ‘ibis
786 1265 828 1297 in
853 1275 919 1298 ora
949 1264 1137 1298 hominum
1159 1265 1331 1309 laetoque
1360 1267 1535 1300 fouebere
1561 1271 1696 1302 cantu’

155 1370 284 1399 VARIA
313 1369 478 1398 LEC'PIO.

270 1422 294 1465 I
322 1423 364 1465 3.
422 1426 480 1463 ΑΙ)
509 1425 661 1463 IVLlVM
691 1425 874 1463 FLORVM
904 1427 943 1463 E
965 1439 990 1477 γ
1016 1427 1056 1465 F
1078 1423 1119 1464 λ’
1148 1425 1173 1464 δ
1200 1424 1262 1476 (π’
1283 1435 1306 1463 σ
1334 1441 1358 1465 α
1388 1441 1411 1465 r
1437 1442 1463 1466 v
1492 1436 1526 1465 et
1553 1431 1695 1480 Fran.)

155 1486 274 1523 schol.
307 1484 358 1527 Γ,·
387 1496 413 1533 3]
435 1480 651 1535 [Petropoz.
682 1497 778 1520 com.
803 1481 1057 1535 Sorbonens.]
1091 1487 1186 1522 add.-
1216 1485 1531 1522 SATYRARVM
1561 1488 1694 1523 SCRI-

155 1542 381 1576 PTOREM.
412 1543 664 1589 inscriptione
695 1546 835 1579 carent
867 1540 902 1577 A
924 1553 942 1579 ε
965 1540 1006 1589 (ν
1026 1554 1050 1590 9
1075 1548 1107 1577 et
1128 1540 1169 1592 β)
1300 1543 1321 1579 1
1353 1543 1483 1581 milite-t
1512 1542 1536 1582 δ
1564 1546 1696 1584 militet

155 1594 340 1644 cett.'';''
379 1598 427 1646 (et
463 1598 622 1645 Bland.)
652 1599 715 1647 Pf.
754 1598 884 1632 militat
910 1610 937 1646 y
1054 1599 1154 1636 horis
1190 1601 1229 1636 E
1364 1599 1388 1636 2
1428 1602 1642 1651 priuigenus
1672 1617 1696 1654 γ

268 1657 405 1706 Threca
435 1657 474 1692 E
501 1655 637 1692 Tracha
667 1668 691 1705 γ
710 1656 749 1692 F
765 1656 786 1693 λ
817 1656 950 1693 Thraca
982 1651 1083 1693 cett!
1170 1656 1323 1706 ebriusq,
1348 1658 1387 1694 Ε
1475 1659 1639 1709 conpede
1660 1662 1694 1698 A

153 1712 201 1762 (et
230 1712 270 1763 β)
300 1714 399 1761 Pplz.
429 1712 602 1761 compede
634 1707 737 1750 cett.'
760 1726 782 1757 ς
811 1712 858 1761 (et
887 1705 934 1749 π’
964 1713 1103 1761 Fran.)
1134 1714 1199 1762 Pf.
1303 1727 1340 1751 u.
1371 1714 1397 1751 4
1428 1718 1482 1753 acl
1508 1729 1630 1766 mary.
1660 1721 1693 1756 A

239 1771 265 1807 4
289 1767 353 1821 an]
378 1782 419 1804 ac
438 1761 551 1816 Pph.'
621 1770 765 1807 uicinas
786 1772 888 1807 inter
907 1770 961 1812 A;
981 1782 1056 1808 nas
1075 1774 1178 1808 inter
1197 1773 1393 1819 suppleuit
1413 1773 1447 1810 A
1467 1784 1495 1820 2,
1520 1775 1692 1813 abscisso

152 1828 186 1865 A
217 1838 229 1864 1
239 1844 252 1870 ;
281 1830 368 1865 item
389 1838 478 1864 rres
497 1829 536 1863 in
559 1832 690 1863 turres
776 1828 960 1864 currencia
989 1827 1011 1864 λ
1098 1829 1209 1865 turris
1240 1842 1263 1878 y
1285 1839 1297 1865 1
1321 1826 1357 1878 (v
1377 1840 1393 1866 2
1415 1842 1438 1865 a
1457 1829 1496 1879 9)
1514 1842 1542 1878 y
1566 1828 1690 1882 [Bru—

153 1887 319 1922 mellens,
350 1895 363 1921 1
394 1884 610 1921 Mellicens.
641 1884 812 1921 Parisin.
840 1881 971 1935 8214]
1003 1881 1116 1932 Pph!
1147 1890 1278 1923 turres
1298 1886 1330 1922 A
1362 1892 1480 1924 turres
1503 1889 1542 1924 Ε
1557 1890 1597 1925 F
1614 1884 1653 1924 λ’
1674 1902 1691 1926 ε

152 1939 176 1978 δ
196 1953 213 1979 2
234 1936 290 1992 (β’
307 1950 328 1977 σ
350 1954 372 1978 r
391 1954 417 1978 v
438 1948 471 1977 et
490 1940 611 1989 Le‘ps.)
642 1934 803 1989 Porpks
834 1942 891 1979 bis
920 1944 960 1978 in
989 1943 1236 1990 interpretat.
1267 1947 1384 1979 terres
1404 1941 1428 1979 ὃ
1450 1954 1463 1981 1
1494 1949 1615 1980 terras
1637 1958 1690 1983 vl

1269 2002 1284 2020 e

1175 2027 1193 2056 ⁴}
1206 2029 1294 2055 turris

150 2080 177 2116 y
200 2064 260 2118 [V
288 2068 370 2105 cod.
403 2067 498 2104 Sila.
520 2078 584 2114 ap.
615 2063 753 2117 Cruq]
786 2067 962 2113 praetulit
991 2068 1145 2110 Bentl.;
1173 2075 1294 2102 terras
1323 2080 1350 2116 y
1373 2064 1462 2119 [π],·
1491 2071 1612 2108 schol.
1637 2071 1687 2107 Γ.-

150 2123 300 2159 ‘turres
331 2124 424 2158 dixit
454 2124 519 2157 has
550 2124 741 2166 ciuitates,
774 2124 861 2170 quia
891 2125 929 2158 in
961 2124 1033 2170 alto
1062 2130 1152 2158 sunt
1172 2123 1340 2171 positae'
1361 2130 1407 2171 cs,
1430 2127 1579 2165 Lucan,
1602 2128 1689 2165 VHH

152 2181 234 2219 954
265 2184 309 2216 de
337 2182 388 2216 lais
415 2182 497 2228 ipsis
526 2182 678 2227 oppidis.-
708 2178 1000 2227 ‘Threiciasque
1030 2182 1119 2226 legit
1147 2183 1275 2216 fauces
1306 2186 1343 2216 et
1371 2195 1493 2218 amore
1524 2189 1689 2220 notatum

151 2250 291 2284 aequor
331 2243 368 2272 et
397 2238 577 2273 Heroas
619 2238 810 2285 lacrimoso
848 2238 957 2272 litore
997 2240 1145 2273 turres'
1184 2239 1293 2284 lectio
1331 2237 1494 2277 ‘terras'
1534 2247 1690 2288 propter

150 2324 327 2356 terrarum
358 2331 397 2356 u,
427 2319 470 2365 1,
506 2318 602 2352 unde
634 2322 720 2352 nata
751 2322 826 2362 est,
858 2318 1096 2365 improbanda
1126 2331 1210 2353 esse
1240 2319 1412 2354 uideatur
1519 2320 1543 2358 5
1577 2293 1688 2358 colbles

150 2379 301 2444 οειῐῖιιρίᾳ,
333 2406 356 2433 σ
461 2378 651 2446 ηιοιῖᾗηωι·
680 2411 704 2433 υ
801 2399 824 2435 6
846 2398 978 2436 choors
1009 2391 1062 2435 A'
1091 2410 1198 2436 coors
1218 2411 1243 2448 γ
1330 2397 1501 2451 operum]
1536 2403 1640 2439 omis.
1664 2417 1689 2453 γ

146 2468 212 2505 pr.
325 2455 436 2492 struit
466 2452 542 2490 „Q”
566 2451 617 2499 ς”
648 2459 770 2488 struat
799 2468 823 2492 ν
843 2464 865 2490 σ
885 2467 901 2492 2
1015 2456 1102 2490 haec
1132 2467 1282 2503 quoque
1311 2469 1342 2493 ω
1451 2458 1474 2494 7
1506 2469 1623 2507 augus
1654 2462 1688 2498 A
1754 2509 1762 2517 ι

234 2507 429 2549 sumit-(21⁰
452 2508 505 2557 ς”
527 2516 646 2547 sumat
665 2523 689 2546 ν
704 2519 726 2547 σ
741 2523 758 2548 2
787 2512 898 2548 sfimit
915 2525 939 2561 9
1017 2513 1041 2551 8
1063 2509 1188 2564 paces]
1213 2513 1314 2559 pacis
1335 2522 1359 2549 6
1375 2526 1438 2561 pr.
1460 2527 1486 2563 y
1517 2527 1640 2560 pacem
1659 2529 1686 2564 y

148 2574 195 2616 cs.
229 2573 338 2618 epist.
369 2568 398 2604 11
432 2569 475 2617 1,
510 2569 588 2608 102
621 2569 778 2606 Lucret.
811 2570 839 2605 V
871 2569 978 2607 1229
1010 2571 1139 2608 Plaut.
1169 2570 1282 2607 Pers.
1314 2583 1352 2609 u.
1378 2570 1458 2608 753
1490 2574 1609 2610 schol.
1633 2573 1686 2611 Γ.-

150 2625 282 2661 ‘Naue
313 2626 465 2671 dictum,
498 2638 576 2670 cum
608 2627 832 2671 grammatici
863 2630 999 2672 negent
1028 2627 1163 2674 plurali
1193 2639 1345 2662 numero
1377 2628 1577 2662 declinari’

149 2683 334 2718 diffundat
364 2696 388 2719 ν
407 2691 430 2718 σ
449 2695 465 2720 2
552 2695 681 2721 aeuum
700 2679 775 2720 52⁶
871 2684 894 2721 9
926 2685 1031 2722 ticius
1062 2696 1079 2721 ε
1109 2685 1215 2722 ticius
1246 2685 1279 2722 A
1299 2698 1322 2735 y
1414 2685 1467 2723 10
1496 2685 1686 2735 Pyndarici

149 2740 223 2777 Fa
314 2737 484 2791 haustus]
518 2738 708 2791 ‘Haustu]
743 2752 825 2775 num
858 2740 1042 2776 haustu?
1074 2737 1189 2789 Pphs
1221 2737 1377 2790 Porph.'
1404 2745 1467 2777 sed
1495 2747 1540 2789 cf,
1573 2744 1683 2793 Sym-

150 2798 272 2834 mach.
302 2800 409 2845 epist.
439 2798 486 2845 9,
516 2798 570 2836 88
595 2810 639 2845 p.
673 2797 755 2835 174
795 2798 971 2845 Sciopp..·
1016 2797 1252 2834 ‘Gallicanae
1290 2799 1487 2833 facundiae
1527 2801 1683 2837 haustus

149 2854 319 2899 requiro'
