<?xml version="1.0" encoding="UTF-8"?>
<!DOCTYPE html PUBLIC "-//W3C//DTD XHTML 1.0 Transitional//EN"
    "http://www.w3.org/TR/xhtml1/DTD/xhtml1-transitional.dtd">
<html xmlns="http://www.w3.org/1999/xhtml" xml:lang="en" lang="en">
 <head>
  <title>
</title>
<meta http-equiv="Content-Type" content="text/html;charset=utf-8" />
  <meta name='ocr-system' content='tesseract 3.04.00' />
  <meta name='ocr-capabilities' content='ocr_page ocr_carea ocr_par ocr_line ocrx_word'/>
</head>
<body>
  <div class='ocr_page' id='page_1' title='image "./operahor02horauoft_0241.png"; bbox 0 0 1890 3106; ppageno 0'>
   <div class='ocr_carea' id='block_1_1' title="bbox 758 129 1695 181">
    <p class='ocr_par' dir='ltr' id='par_1_1' title="bbox 758 129 1695 181">
     <span class='ocr_line' id='line_1_1' title="bbox 758 129 1695 181; baseline -0.006 -5"><span class='ocrx_word' id='word_1_1' title='bbox 758 149 842 176; x_wconf 79' lang='lat' dir='ltr'><strong>Lm.</strong></span> <span class='ocrx_word' id='word_1_2' title='bbox 874 148 891 175; x_wconf 91' lang='lat'>1</span> <span class='ocrx_word' id='word_1_3' title='bbox 914 147 948 181; x_wconf 84' lang='lat'><strong>2,</strong></span> <span class='ocrx_word' id='word_1_4' title='bbox 972 146 1075 173; x_wconf 76' lang='lat'>47—63</span> <span class='ocrx_word' id='word_1_5' title='bbox 1245 148 1247 150; x_wconf 88' lang='lat'>·</span> <span class='ocrx_word' id='word_1_6' title='bbox 1612 129 1695 171; x_wconf 78' lang='lat'><strong>207</strong></span> 
     </span>
    </p>
   </div>
   <div class='ocr_carea' id='block_1_2' title="bbox 258 256 1702 909">
    <p class='ocr_par' dir='ltr' id='par_1_2' title="bbox 258 256 1698 388">
     <span class='ocr_line' id='line_1_2' title="bbox 271 256 1698 315; baseline -0.006 -13"><span class='ocrx_word' id='word_1_7' title='bbox 271 273 417 315; x_wconf 90' lang='lat' dir='ltr'><strong>sperne</strong></span> <span class='ocrx_word' id='word_1_8' title='bbox 447 259 693 314; x_wconf 78' lang='lat' dir='ltr'><strong>uoluptates:</strong></span> <span class='ocrx_word' id='word_1_9' title='bbox 725 265 844 300; x_wconf 88' lang='lat' dir='ltr'><strong>nocet</strong></span> <span class='ocrx_word' id='word_1_10' title='bbox 873 264 1007 312; x_wconf 83' lang='lat' dir='ltr'><strong>empta</strong></span> <span class='ocrx_word' id='word_1_11' title='bbox 1038 257 1176 298; x_wconf 87' lang='lat' dir='ltr'><strong>dolore</strong></span> <span class='ocrx_word' id='word_1_12' title='bbox 1206 256 1402 311; x_wconf 84' lang='lat' dir='ltr'><strong>uoluptas.</strong></span> <span class='ocrx_word' id='word_1_13' title='bbox 1653 261 1698 294; x_wconf 84' lang='lat'>55</span> 
     </span>
     <span class='ocr_line' id='line_1_3' title="bbox 258 318 1346 388; baseline -0.004 -12"><span class='ocrx_word' id='word_1_14' title='bbox 258 318 434 388; x_wconf 63' lang='lat' dir='ltr'><strong>⁴semper</strong></span> <span class='ocrx_word' id='word_1_15' title='bbox 464 347 608 375; x_wconf 85' lang='lat' dir='ltr'><strong>auarus</strong></span> <span class='ocrx_word' id='word_1_16' title='bbox 639 338 750 387; x_wconf 81' lang='lat' dir='ltr'><strong>eget:</strong></span> <span class='ocrx_word' id='word_1_17' title='bbox 782 339 935 375; x_wconf 87' lang='lat' dir='ltr'><strong>certum</strong></span> <span class='ocrx_word' id='word_1_18' title='bbox 965 337 1060 374; x_wconf 92' lang='lat' dir='ltr'><strong>uoto</strong></span> <span class='ocrx_word' id='word_1_19' title='bbox 1090 338 1182 386; x_wconf 87' lang='lat' dir='ltr'><strong>pete</strong></span> <span class='ocrx_word' id='word_1_20' title='bbox 1212 333 1346 372; x_wconf 85' lang='lat' dir='ltr'><strong>finem.</strong></span> 
     </span>
    </p>

    <p class='ocr_par' dir='ltr' id='par_1_3' title="bbox 271 407 1219 460">
     <span class='ocr_line' id='line_1_4' title="bbox 271 407 1219 460; baseline -0.003 -11"><span class='ocrx_word' id='word_1_21' title='bbox 271 409 432 450; x_wconf 87' lang='lat' dir='ltr'><strong>inuidus</strong></span> <span class='ocrx_word' id='word_1_22' title='bbox 462 408 626 450; x_wconf 87' lang='lat' dir='ltr'><strong>alterius</strong></span> <span class='ocrx_word' id='word_1_23' title='bbox 658 409 870 449; x_wconf 83' lang='lat' dir='ltr'>macrescit</span> <span class='ocrx_word' id='word_1_24' title='bbox 902 407 1025 449; x_wconf 88' lang='lat' dir='ltr'><strong>rebus</strong></span> <span class='ocrx_word' id='word_1_25' title='bbox 1055 408 1219 460; x_wconf 87' lang='lat' dir='ltr'>opimis:</span> 
     </span>
    </p>

    <p class='ocr_par' dir='ltr' id='par_1_4' title="bbox 273 482 1102 535">
     <span class='ocr_line' id='line_1_5' title="bbox 273 482 1102 535; baseline -0.005 -11"><span class='ocrx_word' id='word_1_26' title='bbox 273 483 425 524; x_wconf 90' lang='lat' dir='ltr'><strong>inuidia</strong></span> <span class='ocrx_word' id='word_1_27' title='bbox 456 482 581 523; x_wconf 89' lang='lat' dir='ltr'><strong>Siculi</strong></span> <span class='ocrx_word' id='word_1_28' title='bbox 610 495 691 523; x_wconf 91' lang='lat' dir='ltr'><strong>non</strong></span> <span class='ocrx_word' id='word_1_29' title='bbox 721 483 915 522; x_wconf 86' lang='lat' dir='ltr'><strong>inuenere</strong></span> <span class='ocrx_word' id='word_1_30' title='bbox 945 482 1102 535; x_wconf 81' lang='lat' dir='ltr'><strong>tyranni</strong></span> 
     </span>
    </p>

    <p class='ocr_par' dir='ltr' id='par_1_5' title="bbox 274 554 1368 609">
     <span class='ocr_line' id='line_1_6' title="bbox 274 554 1368 609; baseline -0.004 -11"><span class='ocrx_word' id='word_1_31' title='bbox 274 559 402 598; x_wconf 88' lang='lat' dir='ltr'><strong>maius</strong></span> <span class='ocrx_word' id='word_1_32' title='bbox 434 561 689 597; x_wconf 79' lang='lat' dir='ltr'><strong>tormentum.</strong></span> <span class='ocrx_word' id='word_1_33' title='bbox 750 557 819 609; x_wconf 89' lang='lat' dir='ltr'><strong>qui</strong></span> <span class='ocrx_word' id='word_1_34' title='bbox 849 568 929 595; x_wconf 93' lang='lat' dir='ltr'><strong>non</strong></span> <span class='ocrx_word' id='word_1_35' title='bbox 959 554 1234 595; x_wconf 71' lang='lat' dir='ltr'><strong>moderabitur</strong></span> <span class='ocrx_word' id='word_1_36' title='bbox 1264 554 1368 600; x_wconf 88' lang='lat' dir='ltr'><strong>irae,</strong></span> 
     </span>
    </p>

    <p class='ocr_par' dir='ltr' id='par_1_6' title="bbox 274 629 1702 758">
     <span class='ocr_line' id='line_1_7' title="bbox 274 629 1702 681; baseline -0.004 -9"><span class='ocrx_word' id='word_1_37' title='bbox 274 632 465 672; x_wconf 83' lang='lat' dir='ltr'><strong>infectum</strong></span> <span class='ocrx_word' id='word_1_38' title='bbox 496 631 604 671; x_wconf 90' lang='lat' dir='ltr'><strong>uolet</strong></span> <span class='ocrx_word' id='word_1_39' title='bbox 635 643 744 677; x_wconf 90' lang='lat' dir='ltr'><strong>esse,</strong></span> <span class='ocrx_word' id='word_1_40' title='bbox 777 629 892 670; x_wconf 91' lang='lat' dir='ltr'><strong>dolor</strong></span> <span class='ocrx_word' id='word_1_41' title='bbox 923 629 1030 681; x_wconf 89' lang='lat' dir='ltr'><strong>quod</strong></span> <span class='ocrx_word' id='word_1_42' title='bbox 1052 629 1230 681; x_wconf 82' lang='lat' dir='ltr'><strong>suaserit</strong></span> <span class='ocrx_word' id='word_1_43' title='bbox 1260 632 1300 667; x_wconf 86' lang='lat' dir='ltr'><strong>et</strong></span> <span class='ocrx_word' id='word_1_44' title='bbox 1330 640 1463 674; x_wconf 83' lang='lat' dir='ltr'><strong>mens,</strong></span> <span class='ocrx_word' id='word_1_45' title='bbox 1658 634 1702 666; x_wconf 88' lang='lat'><strong>60</strong></span> 
     </span>
     <span class='ocr_line' id='line_1_8' title="bbox 276 701 1247 758; baseline -0.005 -11"><span class='ocrx_word' id='word_1_46' title='bbox 276 706 368 748; x_wconf 88' lang='lat' dir='ltr'><strong>dum</strong></span> <span class='ocrx_word' id='word_1_47' title='bbox 400 717 551 758; x_wconf 86' lang='lat' dir='ltr'><strong>poenas</strong></span> <span class='ocrx_word' id='word_1_48' title='bbox 581 704 672 744; x_wconf 92' lang='lat' dir='ltr'><strong>odio</strong></span> <span class='ocrx_word' id='word_1_49' title='bbox 702 717 775 757; x_wconf 87' lang='lat' dir='ltr'><strong>per</strong></span> <span class='ocrx_word' id='word_1_50' title='bbox 805 705 887 744; x_wconf 91' lang='lat' dir='ltr'><strong>uim</strong></span> <span class='ocrx_word' id='word_1_51' title='bbox 917 704 1080 744; x_wconf 81' lang='lat' dir='ltr'><strong>festinat</strong></span> <span class='ocrx_word' id='word_1_52' title='bbox 1107 701 1247 742; x_wconf 84' lang='lat' dir='ltr'><strong>inulto.</strong></span> 
     </span>
    </p>

    <p class='ocr_par' dir='ltr' id='par_1_7' title="bbox 275 777 1486 909">
     <span class='ocr_line' id='line_1_9' title="bbox 276 777 1486 830; baseline -0.003 -10"><span class='ocrx_word' id='word_1_53' title='bbox 276 781 335 820; x_wconf 86' lang='lat' dir='ltr'><strong>ira</strong></span> <span class='ocrx_word' id='word_1_54' title='bbox 366 780 480 822; x_wconf 78' lang='lat' dir='ltr'><strong>furor</strong></span> <span class='ocrx_word' id='word_1_55' title='bbox 510 779 647 819; x_wconf 91' lang='lat' dir='ltr'><strong>breuis</strong></span> <span class='ocrx_word' id='word_1_56' title='bbox 677 783 757 819; x_wconf 84' lang='lat' dir='ltr'><strong>est:</strong></span> <span class='ocrx_word' id='word_1_57' title='bbox 789 779 966 819; x_wconf 91' lang='lat' dir='ltr'><strong>animum</strong></span> <span class='ocrx_word' id='word_1_58' title='bbox 997 789 1113 830; x_wconf 88' lang='lat' dir='ltr'><strong>rege;</strong></span> <span class='ocrx_word' id='word_1_59' title='bbox 1145 778 1214 828; x_wconf 89' lang='lat' dir='ltr'><strong>qui</strong></span> <span class='ocrx_word' id='word_1_60' title='bbox 1244 777 1322 816; x_wconf 90' lang='lat' dir='ltr'><strong>nisi</strong></span> <span class='ocrx_word' id='word_1_61' title='bbox 1351 781 1486 829; x_wconf 85' lang='lat' dir='ltr'><strong>paret,</strong></span> 
     </span>
     <span class='ocr_line' id='line_1_10' title="bbox 275 852 1415 909; baseline -0.002 -16"><span class='ocrx_word' id='word_1_62' title='bbox 275 855 465 907; x_wconf 85' lang='lat' dir='ltr'><strong>imperat:</strong></span> <span class='ocrx_word' id='word_1_63' title='bbox 491 854 606 909; x_wconf 14' lang='lat' dir='ltr'><strong>*hunc</strong></span> <span class='ocrx_word' id='word_1_64' title='bbox 636 854 779 899; x_wconf 87' lang='lat' dir='ltr'><strong>frenis,</strong></span> <span class='ocrx_word' id='word_1_65' title='bbox 811 852 918 893; x_wconf 89' lang='lat' dir='ltr'><strong>hunc</strong></span> <span class='ocrx_word' id='word_1_66' title='bbox 947 857 990 893; x_wconf 85' lang='lat' dir='ltr'><strong>tu</strong></span> <span class='ocrx_word' id='word_1_67' title='bbox 1020 863 1232 905; x_wconf 83' lang='lat' dir='ltr'><strong>compesce</strong></span> <span class='ocrx_word' id='word_1_68' title='bbox 1262 856 1415 892; x_wconf 86' lang='lat' dir='ltr'><strong>catena.</strong></span> 
     </span>
    </p>
   </div>
   <div class='ocr_carea' id='block_1_3' title="bbox 165 934 438 940">
    <p class='ocr_par' dir='ltr' id='par_1_8' title="bbox 165 934 438 940">
     <span class='ocr_line' id='line_1_11' title="bbox 165 934 438 940; baseline 0 0"><span class='ocrx_word' id='word_1_69' title='bbox 165 934 438 940; x_wconf 95' lang='lat' dir='ltr'><strong> </strong></span> 
     </span>
    </p>
   </div>
   <div class='ocr_carea' id='block_1_4' title="bbox 163 993 437 1022">
    <p class='ocr_par' dir='ltr' id='par_1_9' title="bbox 163 993 437 1022">
     <span class='ocr_line' id='line_1_12' title="bbox 163 993 437 1022; baseline -0.007 0"><span class='ocrx_word' id='word_1_70' title='bbox 163 993 437 1022; x_wconf 70' lang='lat' dir='ltr'><strong>TESTIMONIA.</strong></span> 
     </span>
    </p>
   </div>
   <div class='ocr_carea' id='block_1_5' title="bbox 163 1053 1710 1834">
    <p class='ocr_par' dir='ltr' id='par_1_10' title="bbox 163 1053 1710 1834">
     <span class='ocr_line' id='line_1_13' title="bbox 280 1053 1703 1101; baseline -0.001 -9"><span class='ocrx_word' id='word_1_71' title='bbox 280 1060 324 1092; x_wconf 90' lang='lat'><strong>55</strong></span> <span class='ocrx_word' id='word_1_72' title='bbox 356 1059 604 1101; x_wconf 85' lang='lat' dir='ltr'><strong>Hieronymus</strong></span> <span class='ocrx_word' id='word_1_73' title='bbox 637 1058 816 1091; x_wconf 82' lang='lat' dir='ltr'><strong>aduersus</strong></span> <span class='ocrx_word' id='word_1_74' title='bbox 847 1057 1083 1091; x_wconf 88' lang='lat' dir='ltr'><strong>Iouinianum</strong></span> <span class='ocrx_word' id='word_1_75' title='bbox 1112 1056 1151 1089; x_wconf 91' lang='lat' dir='ltr'><strong>II</strong></span> <span class='ocrx_word' id='word_1_76' title='bbox 1184 1068 1214 1091; x_wconf 88' lang='lat' dir='ltr'><strong>c.</strong></span> <span class='ocrx_word' id='word_1_77' title='bbox 1243 1058 1285 1089; x_wconf 80' lang='lat'><strong>12</strong></span> <span class='ocrx_word' id='word_1_78' title='bbox 1319 1054 1496 1101; x_wconf 86' lang='lat' dir='ltr'><strong>[Vallars.</strong></span> <span class='ocrx_word' id='word_1_79' title='bbox 1529 1056 1568 1090; x_wconf 92' lang='grc' dir='ltr'><strong>ΙΙ</strong></span> <span class='ocrx_word' id='word_1_80' title='bbox 1595 1053 1703 1101; x_wconf 74' lang='lat'>342³]</span> 
     </span>
     <span class='ocr_line' id='line_1_14' title="bbox 164 1102 1708 1147; baseline -0.002 -9"><span class='ocrx_word' id='word_1_81' title='bbox 164 1106 324 1138; x_wconf 83' lang='lat' dir='ltr'><strong>Ioannes</strong></span> <span class='ocrx_word' id='word_1_82' title='bbox 357 1105 546 1138; x_wconf 79' lang='lat' dir='ltr'><strong>saresber.</strong></span> <span class='ocrx_word' id='word_1_83' title='bbox 580 1103 752 1147; x_wconf 85' lang='lat' dir='ltr'><strong>policrat.</strong></span> <span class='ocrx_word' id='word_1_84' title='bbox 782 1105 822 1142; x_wconf 89' lang='lat'><strong>8,</strong></span> <span class='ocrx_word' id='word_1_85' title='bbox 848 1104 869 1135; x_wconf 83' lang='lat'>6</span> <span class='ocrx_word' id='word_1_86' title='bbox 900 1103 1165 1145; x_wconf 85' lang='lat' dir='ltr'><strong>Hieronymum</strong></span> <span class='ocrx_word' id='word_1_87' title='bbox 1195 1102 1354 1135; x_wconf 81' lang='lat' dir='ltr'><strong>laudans</strong></span> <span class='ocrx_word' id='word_1_88' title='bbox 1471 1103 1514 1136; x_wconf 85' lang='lat'><strong>56</strong></span> <span class='ocrx_word' id='word_1_89' title='bbox 1541 1105 1708 1145; x_wconf 84' lang='lat' dir='ltr'><strong>‘semper</strong></span> 
     </span>
     <span class='ocr_line' id='line_1_15' title="bbox 165 1145 1705 1193; baseline -0.001 -10"><span class='ocrx_word' id='word_1_90' title='bbox 165 1161 302 1183; x_wconf 82' lang='lat' dir='ltr'><strong>auarus</strong></span> <span class='ocrx_word' id='word_1_91' title='bbox 328 1152 434 1193; x_wconf 87' lang='lat' dir='ltr'><strong>eget’</strong></span> <span class='ocrx_word' id='word_1_92' title='bbox 461 1150 708 1191; x_wconf 84' lang='lat' dir='ltr'><strong>Hieronymus</strong></span> <span class='ocrx_word' id='word_1_93' title='bbox 735 1159 860 1182; x_wconf 87' lang='lat' dir='ltr'><strong>comm.</strong></span> <span class='ocrx_word' id='word_1_94' title='bbox 887 1149 925 1180; x_wconf 90' lang='lat' dir='ltr'><strong>in</strong></span> <span class='ocrx_word' id='word_1_95' title='bbox 944 1148 1200 1181; x_wconf 84' lang='lat' dir='ltr'><strong>Ecclesiasten</strong></span> <span class='ocrx_word' id='word_1_96' title='bbox 1226 1158 1257 1181; x_wconf 86' lang='lat' dir='ltr'><strong>c.</strong></span> <span class='ocrx_word' id='word_1_97' title='bbox 1282 1149 1303 1181; x_wconf 88' lang='lat'>5</span> <span class='ocrx_word' id='word_1_98' title='bbox 1330 1145 1506 1192; x_wconf 86' lang='lat' dir='ltr'><strong>[Vallars.</strong></span> <span class='ocrx_word' id='word_1_99' title='bbox 1524 1149 1582 1181; x_wconf 92' lang='grc' dir='ltr'><strong>ΙΙΙ</strong></span> <span class='ocrx_word' id='word_1_100' title='bbox 1599 1145 1705 1192; x_wconf 79' lang='lat'><strong>430⁰]</strong></span> 
     </span>
     <span class='ocr_line' id='line_1_16' title="bbox 163 1193 1707 1238; baseline -0.002 -8"><span class='ocrx_word' id='word_1_101' title='bbox 163 1196 328 1230; x_wconf 81' lang='lat' dir='ltr'><strong>Isidorus</strong></span> <span class='ocrx_word' id='word_1_102' title='bbox 353 1196 444 1238; x_wconf 84' lang='lat' dir='ltr'><strong>orig.</strong></span> <span class='ocrx_word' id='word_1_103' title='bbox 469 1196 503 1228; x_wconf 90' lang='lat' dir='ltr'>X</span> <span class='ocrx_word' id='word_1_104' title='bbox 529 1206 558 1230; x_wconf 90' lang='lat' dir='ltr'><strong>s.</strong></span> <span class='ocrx_word' id='word_1_105' title='bbox 582 1206 617 1228; x_wconf 92' lang='lat' dir='ltr'><strong>u.</strong></span> <span class='ocrx_word' id='word_1_106' title='bbox 651 1197 829 1227; x_wconf 78' lang='lat' dir='ltr'><strong>‘auarus’</strong></span> <span class='ocrx_word' id='word_1_107' title='bbox 856 1193 1107 1227; x_wconf 84' lang='lat' dir='ltr'><strong>Columbanus</strong></span> <span class='ocrx_word' id='word_1_108' title='bbox 1137 1194 1185 1226; x_wconf 84' lang='lat' dir='ltr'><strong>ad</strong></span> <span class='ocrx_word' id='word_1_109' title='bbox 1217 1193 1368 1226; x_wconf 84' lang='lat' dir='ltr'><strong>Sethum</strong></span> <span class='ocrx_word' id='word_1_110' title='bbox 1398 1204 1432 1229; x_wconf 83' lang='lat' dir='ltr'><strong>u,</strong></span> <span class='ocrx_word' id='word_1_111' title='bbox 1460 1195 1521 1234; x_wconf 86' lang='lat'><strong>37;</strong></span> <span class='ocrx_word' id='word_1_112' title='bbox 1552 1193 1707 1237; x_wconf 83' lang='lat' dir='ltr'><strong>florileg.</strong></span> 
     </span>
     <span class='ocr_line' id='line_1_17' title="bbox 164 1237 1706 1284; baseline -0.003 -9"><span class='ocrx_word' id='word_1_113' title='bbox 164 1242 284 1276; x_wconf 82' lang='lat' dir='ltr'><strong>Paris.</strong></span> <span class='ocrx_word' id='word_1_114' title='bbox 310 1242 438 1281; x_wconf 68' lang='lat'>881823</span> <span class='ocrx_word' id='word_1_115' title='bbox 471 1242 510 1274; x_wconf 91' lang='lat' dir='ltr'><strong>in</strong></span> <span class='ocrx_word' id='word_1_116' title='bbox 534 1242 748 1284; x_wconf 84' lang='lat' dir='ltr'><strong>Aquigrano</strong></span> <span class='ocrx_word' id='word_1_117' title='bbox 772 1240 913 1284; x_wconf 84' lang='lat' dir='ltr'><strong>palatio</strong></span> <span class='ocrx_word' id='word_1_118' title='bbox 939 1251 973 1273; x_wconf 93' lang='lat' dir='ltr'><strong>u.</strong></span> <span class='ocrx_word' id='word_1_119' title='bbox 1000 1241 1043 1273; x_wconf 87' lang='lat'><strong>67</strong></span> <span class='ocrx_word' id='word_1_120' title='bbox 1070 1240 1125 1273; x_wconf 86' lang='lat' dir='ltr'><strong>ed.</strong></span> <span class='ocrx_word' id='word_1_121' title='bbox 1151 1239 1350 1273; x_wconf 81' lang='lat' dir='ltr'><strong>Diimmler.</strong></span> <span class='ocrx_word' id='word_1_122' title='bbox 1380 1237 1537 1282; x_wconf 80' lang='lat' dir='ltr'><strong>[Haupt.</strong></span> <span class='ocrx_word' id='word_1_123' title='bbox 1564 1240 1706 1282; x_wconf 83' lang='lat' dir='ltr'><strong>antiqu,</strong></span> 
     </span>
     <span class='ocr_line' id='line_1_18' title="bbox 164 1283 1708 1330; baseline -0.002 -8"><span class='ocrx_word' id='word_1_124' title='bbox 164 1285 288 1322; x_wconf 84' lang='lat' dir='ltr'><strong>Germ.</strong></span> <span class='ocrx_word' id='word_1_125' title='bbox 315 1286 441 1319; x_wconf 85' lang='lat' dir='ltr'><strong>annal.</strong></span> <span class='ocrx_word' id='word_1_126' title='bbox 459 1286 532 1319; x_wconf 89' lang='lat' dir='ltr'><strong>XII</strong></span> <span class='ocrx_word' id='word_1_127' title='bbox 549 1283 634 1330; x_wconf 87' lang='lat'>463]</span> <span class='ocrx_word' id='word_1_128' title='bbox 730 1289 893 1318; x_wconf 72' lang='lat' dir='ltr'><strong>‘eertum</strong></span> <span class='ocrx_word' id='word_1_129' title='bbox 916 1304 961 1309; x_wconf 97' lang='lat'>—</span> <span class='ocrx_word' id='word_1_130' title='bbox 985 1285 1114 1318; x_wconf 83' lang='lat' dir='ltr'><strong>finem’</strong></span> <span class='ocrx_word' id='word_1_131' title='bbox 1140 1285 1301 1318; x_wconf 86' lang='lat' dir='ltr'><strong>Ioannes</strong></span> <span class='ocrx_word' id='word_1_132' title='bbox 1327 1285 1622 1318; x_wconf 78' lang='lat' dir='ltr'><strong>Saresberiensis</strong></span> <span class='ocrx_word' id='word_1_133' title='bbox 1649 1296 1708 1328; x_wconf 88' lang='lat' dir='ltr'><strong>po-</strong></span> 
     </span>
     <span class='ocr_line' id='line_1_19' title="bbox 167 1331 1708 1374; baseline -0.001 -8"><span class='ocrx_word' id='word_1_134' title='bbox 167 1333 247 1366; x_wconf 88' lang='lat' dir='ltr'><strong>licr.</strong></span> <span class='ocrx_word' id='word_1_135' title='bbox 269 1333 342 1367; x_wconf 92' lang='lat' dir='ltr'><strong>VII</strong></span> <span class='ocrx_word' id='word_1_136' title='bbox 363 1334 407 1366; x_wconf 82' lang='lat'><strong>23</strong></span> <span class='ocrx_word' id='word_1_137' title='bbox 501 1334 648 1366; x_wconf 84' lang='lat'>57—59</span> <span class='ocrx_word' id='word_1_138' title='bbox 675 1331 844 1364; x_wconf 75' lang='lat' dir='ltr'><strong>‘inuidus</strong></span> <span class='ocrx_word' id='word_1_139' title='bbox 868 1350 915 1356; x_wconf 94' lang='lat'><strong>—-</strong></span> <span class='ocrx_word' id='word_1_140' title='bbox 938 1333 1181 1364; x_wconf 85' lang='lat' dir='ltr'><strong>tormentum&#39;</strong></span> <span class='ocrx_word' id='word_1_141' title='bbox 1206 1331 1428 1374; x_wconf 88' lang='lat' dir='ltr'><strong>florilegium</strong></span> <span class='ocrx_word' id='word_1_142' title='bbox 1453 1331 1570 1366; x_wconf 80' lang='lat' dir='ltr'><strong>Paris.</strong></span> <span class='ocrx_word' id='word_1_143' title='bbox 1596 1331 1708 1364; x_wconf 57' lang='grc' dir='ltr'><strong>8818ἃ</strong></span> 
     </span>
     <span class='ocr_line' id='line_1_20' title="bbox 166 1377 1708 1421; baseline -0.001 -10"><span class='ocrx_word' id='word_1_144' title='bbox 166 1379 389 1413; x_wconf 81' lang='lat' dir='ltr'><strong>Vincentius</strong></span> <span class='ocrx_word' id='word_1_145' title='bbox 412 1377 694 1411; x_wconf 84' lang='lat' dir='ltr'><strong>Bellouacensis</strong></span> <span class='ocrx_word' id='word_1_146' title='bbox 720 1377 860 1421; x_wconf 87' lang='lat' dir='ltr'><strong>specul.</strong></span> <span class='ocrx_word' id='word_1_147' title='bbox 886 1377 1014 1410; x_wconf 83' lang='lat' dir='ltr'><strong>histor.</strong></span> <span class='ocrx_word' id='word_1_148' title='bbox 1033 1377 1105 1410; x_wconf 94' lang='lat' dir='ltr'><strong>VII</strong></span> <span class='ocrx_word' id='word_1_149' title='bbox 1121 1378 1182 1417; x_wconf 87' lang='lat'><strong>68;</strong></span> <span class='ocrx_word' id='word_1_150' title='bbox 1209 1377 1277 1409; x_wconf 87' lang='lat' dir='ltr'><strong>sed</strong></span> <span class='ocrx_word' id='word_1_151' title='bbox 1301 1377 1497 1420; x_wconf 87' lang='lat' dir='ltr'><strong>utrobique</strong></span> <span class='ocrx_word' id='word_1_152' title='bbox 1521 1380 1558 1409; x_wconf 90' lang='lat' dir='ltr'><strong>et</strong></span> <span class='ocrx_word' id='word_1_153' title='bbox 1581 1377 1620 1408; x_wconf 89' lang='lat' dir='ltr'><strong>in</strong></span> <span class='ocrx_word' id='word_1_154' title='bbox 1644 1377 1708 1410; x_wconf 92' lang='lat' dir='ltr'><strong>flo-</strong></span> 
     </span>
     <span class='ocr_line' id='line_1_21' title="bbox 167 1422 1707 1468; baseline -0.002 -11"><span class='ocrx_word' id='word_1_155' title='bbox 167 1425 274 1468; x_wconf 88' lang='lat' dir='ltr'><strong>rileg.</strong></span> <span class='ocrx_word' id='word_1_156' title='bbox 305 1424 541 1459; x_wconf 82' lang='lat' dir='ltr'><strong>Nostradam.</strong></span> <span class='ocrx_word' id='word_1_157' title='bbox 571 1427 656 1466; x_wconf 82' lang='lat' dir='ltr'><strong>post</strong></span> <span class='ocrx_word' id='word_1_158' title='bbox 686 1435 720 1458; x_wconf 89' lang='lat' dir='ltr'><strong>u.</strong></span> <span class='ocrx_word' id='word_1_159' title='bbox 753 1426 795 1456; x_wconf 88' lang='lat'>57</span> <span class='ocrx_word' id='word_1_160' title='bbox 828 1423 888 1455; x_wconf 84' lang='lat' dir='ltr'><strong>hic</strong></span> <span class='ocrx_word' id='word_1_161' title='bbox 921 1423 1059 1466; x_wconf 87' lang='lat' dir='ltr'><strong>legitur</strong></span> <span class='ocrx_word' id='word_1_162' title='bbox 1088 1426 1336 1466; x_wconf 84' lang='lat' dir='ltr'><strong>pentameter:</strong></span> <span class='ocrx_word' id='word_1_163' title='bbox 1375 1426 1434 1455; x_wconf 87' lang='lat' dir='ltr'><strong>‘et</strong></span> <span class='ocrx_word' id='word_1_164' title='bbox 1465 1422 1570 1455; x_wconf 88' lang='lat' dir='ltr'><strong>uidet</strong></span> <span class='ocrx_word' id='word_1_165' title='bbox 1606 1422 1707 1455; x_wconf 89' lang='lat' dir='ltr'><strong>illius</strong></span> 
     </span>
     <span class='ocr_line' id='line_1_22' title="bbox 168 1468 1570 1514; baseline -0.002 -11"><span class='ocrx_word' id='word_1_166' title='bbox 168 1480 346 1514; x_wconf 86' lang='lat' dir='ltr'><strong>prospera</strong></span> <span class='ocrx_word' id='word_1_167' title='bbox 372 1479 454 1502; x_wconf 90' lang='lat' dir='ltr'><strong>cum</strong></span> <span class='ocrx_word' id='word_1_168' title='bbox 478 1469 663 1502; x_wconf 83' lang='lat' dir='ltr'><strong>lacrimis&#39;</strong></span> <span class='ocrx_word' id='word_1_169' title='bbox 788 1470 831 1502; x_wconf 87' lang='lat'>57</span> <span class='ocrx_word' id='word_1_170' title='bbox 857 1469 1080 1501; x_wconf 82' lang='lat' dir='ltr'><strong>Lactantius</strong></span> <span class='ocrx_word' id='word_1_171' title='bbox 1106 1468 1154 1500; x_wconf 84' lang='lat' dir='ltr'><strong>ad</strong></span> <span class='ocrx_word' id='word_1_172' title='bbox 1181 1468 1296 1502; x_wconf 85' lang='lat' dir='ltr'><strong>Statii</strong></span> <span class='ocrx_word' id='word_1_173' title='bbox 1321 1468 1438 1501; x_wconf 89' lang='lat' dir='ltr'><strong>Theb.</strong></span> <span class='ocrx_word' id='word_1_174' title='bbox 1462 1469 1480 1500; x_wconf 94' lang='grc' dir='ltr'><strong>Ι</strong></span> <span class='ocrx_word' id='word_1_175' title='bbox 1506 1469 1570 1501; x_wconf 82' lang='lat'><strong>127</strong></span> 
     </span>
     <span class='ocr_line' id='line_1_23' title="bbox 167 1513 1710 1558; baseline -0.002 -9"><span class='ocrx_word' id='word_1_176' title='bbox 167 1517 211 1549; x_wconf 89' lang='lat'>58</span> <span class='ocrx_word' id='word_1_177' title='bbox 237 1526 291 1558; x_wconf 89' lang='lat' dir='ltr'><strong>sq.</strong></span> <span class='ocrx_word' id='word_1_178' title='bbox 317 1516 364 1548; x_wconf 88' lang='lat' dir='ltr'><strong>cf.</strong></span> <span class='ocrx_word' id='word_1_179' title='bbox 389 1516 550 1548; x_wconf 86' lang='lat' dir='ltr'><strong>Ioannes</strong></span> <span class='ocrx_word' id='word_1_180' title='bbox 577 1515 870 1548; x_wconf 83' lang='lat' dir='ltr'><strong>Saresberiensis</strong></span> <span class='ocrx_word' id='word_1_181' title='bbox 899 1515 1028 1557; x_wconf 86' lang='lat' dir='ltr'><strong>policr.</strong></span> <span class='ocrx_word' id='word_1_182' title='bbox 1055 1514 1126 1546; x_wconf 90' lang='lat' dir='ltr'><strong>VII</strong></span> <span class='ocrx_word' id='word_1_183' title='bbox 1157 1515 1218 1546; x_wconf 82' lang='lat'><strong>24:</strong></span> <span class='ocrx_word' id='word_1_184' title='bbox 1251 1517 1342 1546; x_wconf 76' lang='lat' dir='ltr'><strong>‘nee</strong></span> <span class='ocrx_word' id='word_1_185' title='bbox 1372 1513 1455 1547; x_wconf 87' lang='lat' dir='ltr'><strong>leue</strong></span> <span class='ocrx_word' id='word_1_186' title='bbox 1487 1516 1710 1547; x_wconf 82' lang='lat' dir='ltr'><strong>tormentum</strong></span> 
     </span>
     <span class='ocr_line' id='line_1_24' title="bbox 170 1558 1709 1605; baseline -0.001 -11"><span class='ocrx_word' id='word_1_187' title='bbox 170 1561 299 1594; x_wconf 80' lang='lat' dir='ltr'><strong>credas</strong></span> <span class='ocrx_word' id='word_1_188' title='bbox 325 1560 390 1602; x_wconf 87' lang='lat' dir='ltr'><strong>(sc.</strong></span> <span class='ocrx_word' id='word_1_189' title='bbox 416 1561 630 1600; x_wconf 85' lang='lat' dir='ltr'><strong>inuidiam),</strong></span> <span class='ocrx_word' id='word_1_190' title='bbox 664 1571 735 1603; x_wconf 89' lang='lat' dir='ltr'><strong>quo</strong></span> <span class='ocrx_word' id='word_1_191' title='bbox 766 1560 906 1605; x_wconf 83' lang='lat' dir='ltr'><strong>nullum</strong></span> <span class='ocrx_word' id='word_1_192' title='bbox 938 1560 1089 1603; x_wconf 86' lang='lat' dir='ltr'><strong>grauius</strong></span> <span class='ocrx_word' id='word_1_193' title='bbox 1122 1562 1324 1602; x_wconf 86' lang='lat' dir='ltr'><strong>potuerunt</strong></span> <span class='ocrx_word' id='word_1_194' title='bbox 1350 1558 1469 1592; x_wconf 85' lang='lat' dir='ltr'><strong>Siculi</strong></span> <span class='ocrx_word' id='word_1_195' title='bbox 1495 1560 1709 1602; x_wconf 85' lang='lat' dir='ltr'><strong>excogitare</strong></span> 
     </span>
     <span class='ocr_line' id='line_1_25' title="bbox 167 1605 1709 1650; baseline 0 -11"><span class='ocrx_word' id='word_1_196' title='bbox 167 1606 338 1650; x_wconf 85' lang='lat' dir='ltr'><strong>tyranni’</strong></span> <span class='ocrx_word' id='word_1_197' title='bbox 433 1616 467 1642; x_wconf 87' lang='lat' dir='ltr'><strong>u.</strong></span> <span class='ocrx_word' id='word_1_198' title='bbox 487 1608 529 1640; x_wconf 83' lang='lat'><strong>61</strong></span> <span class='ocrx_word' id='word_1_199' title='bbox 549 1617 617 1638; x_wconf 87' lang='lat' dir='ltr'><strong>om.</strong></span> <span class='ocrx_word' id='word_1_200' title='bbox 635 1606 744 1641; x_wconf 90' lang='lat' dir='ltr'><strong>floril.</strong></span> <span class='ocrx_word' id='word_1_201' title='bbox 762 1605 936 1640; x_wconf 86' lang='lat' dir='ltr'><strong>Nostrad.</strong></span> <span class='ocrx_word' id='word_1_202' title='bbox 1029 1606 1073 1638; x_wconf 80' lang='lat'><strong>62</strong></span> <span class='ocrx_word' id='word_1_203' title='bbox 1100 1615 1153 1648; x_wconf 90' lang='lat' dir='ltr'><strong>sq.</strong></span> <span class='ocrx_word' id='word_1_204' title='bbox 1180 1605 1286 1639; x_wconf 83' lang='lat' dir='ltr'><strong>florii.</strong></span> <span class='ocrx_word' id='word_1_205' title='bbox 1312 1606 1398 1638; x_wconf 82' lang='lat' dir='ltr'><strong>Par.</strong></span> <span class='ocrx_word' id='word_1_206' title='bbox 1424 1605 1535 1638; x_wconf 55' lang='grc' dir='ltr'><strong>8818ἃ</strong></span> <span class='ocrx_word' id='word_1_207' title='bbox 1558 1605 1709 1639; x_wconf 78' lang='lat' dir='ltr'><strong>Hildeb.</strong></span> 
     </span>
     <span class='ocr_line' id='line_1_26' title="bbox 167 1650 1710 1695; baseline -0.001 -11"><span class='ocrx_word' id='word_1_208' title='bbox 167 1663 254 1687; x_wconf 87' lang='lat' dir='ltr'><strong>mor.</strong></span> <span class='ocrx_word' id='word_1_209' title='bbox 282 1651 371 1695; x_wconf 88' lang='lat' dir='ltr'><strong>phil.</strong></span> <span class='ocrx_word' id='word_1_210' title='bbox 398 1663 434 1694; x_wconf 88' lang='lat' dir='ltr'><strong>p.</strong></span> <span class='ocrx_word' id='word_1_211' title='bbox 461 1654 528 1685; x_wconf 83' lang='lat'><strong>980</strong></span> <span class='ocrx_word' id='word_1_212' title='bbox 552 1652 725 1687; x_wconf 89' lang='lat' dir='ltr'><strong>Vincent.</strong></span> <span class='ocrx_word' id='word_1_213' title='bbox 752 1651 845 1687; x_wconf 88' lang='lat' dir='ltr'><strong>Bell.</strong></span> <span class='ocrx_word' id='word_1_214' title='bbox 870 1651 1008 1695; x_wconf 82' lang='lat' dir='ltr'><strong>specul.</strong></span> <span class='ocrx_word' id='word_1_215' title='bbox 1036 1651 1165 1684; x_wconf 80' lang='lat' dir='ltr'><strong>histor.</strong></span> <span class='ocrx_word' id='word_1_216' title='bbox 1191 1651 1261 1684; x_wconf 94' lang='lat' dir='ltr'><strong>VII</strong></span> <span class='ocrx_word' id='word_1_217' title='bbox 1285 1652 1329 1684; x_wconf 89' lang='grc'><strong>68</strong></span> <span class='ocrx_word' id='word_1_218' title='bbox 1422 1652 1465 1683; x_wconf 82' lang='grc'><strong>62</strong></span> <span class='ocrx_word' id='word_1_219' title='bbox 1492 1651 1537 1683; x_wconf 84' lang='lat' dir='ltr'><strong>cf.</strong></span> <span class='ocrx_word' id='word_1_220' title='bbox 1565 1650 1710 1684; x_wconf 82' lang='lat' dir='ltr'><strong>Seneca</strong></span> 
     </span>
     <span class='ocr_line' id='line_1_27' title="bbox 168 1697 1710 1740; baseline -0.001 -10"><span class='ocrx_word' id='word_1_221' title='bbox 168 1698 212 1730; x_wconf 89' lang='lat' dir='ltr'><strong>de</strong></span> <span class='ocrx_word' id='word_1_222' title='bbox 239 1699 296 1730; x_wconf 86' lang='lat' dir='ltr'><strong>ira</strong></span> <span class='ocrx_word' id='word_1_223' title='bbox 321 1698 338 1730; x_wconf 96' lang='lat' dir='ltr'>I</span> <span class='ocrx_word' id='word_1_224' title='bbox 362 1699 391 1739; x_wconf 89' lang='lat'><strong>1,</strong></span> <span class='ocrx_word' id='word_1_225' title='bbox 419 1699 456 1730; x_wconf 82' lang='lat'><strong>2:</strong></span> <span class='ocrx_word' id='word_1_226' title='bbox 484 1698 654 1740; x_wconf 76' lang='lat' dir='ltr'><strong>‘quidam</strong></span> <span class='ocrx_word' id='word_1_227' title='bbox 679 1708 724 1730; x_wconf 85' lang='lat' dir='ltr'><strong>ex</strong></span> <span class='ocrx_word' id='word_1_228' title='bbox 750 1698 983 1740; x_wconf 85' lang='lat' dir='ltr'><strong>sapientibus</strong></span> <span class='ocrx_word' id='word_1_229' title='bbox 1007 1697 1098 1729; x_wconf 89' lang='lat' dir='ltr'><strong>uiris</strong></span> <span class='ocrx_word' id='word_1_230' title='bbox 1124 1698 1218 1729; x_wconf 87' lang='lat' dir='ltr'><strong>iram</strong></span> <span class='ocrx_word' id='word_1_231' title='bbox 1242 1697 1414 1729; x_wconf 87' lang='lat' dir='ltr'><strong>dixerunt</strong></span> <span class='ocrx_word' id='word_1_232' title='bbox 1438 1697 1589 1729; x_wconf 87' lang='lat' dir='ltr'><strong>breuem</strong></span> <span class='ocrx_word' id='word_1_233' title='bbox 1612 1697 1710 1729; x_wconf 84' lang='lat' dir='ltr'><strong>insa-</strong></span> 
     </span>
     <span class='ocr_line' id='line_1_28' title="bbox 168 1735 1710 1787; baseline -0.001 -11"><span class='ocrx_word' id='word_1_234' title='bbox 168 1743 287 1779; x_wconf 65' lang='lat' dir='ltr'><strong>niam?</strong></span> <span class='ocrx_word' id='word_1_235' title='bbox 320 1743 545 1776; x_wconf 85' lang='lat' dir='ltr'><strong>Themistius</strong></span> <span class='ocrx_word' id='word_1_236' title='bbox 578 1754 630 1776; x_wconf 92' lang='lat' dir='ltr'><strong>or.</strong></span> <span class='ocrx_word' id='word_1_237' title='bbox 665 1743 710 1775; x_wconf 89' lang='lat' dir='ltr'><strong>de</strong></span> <span class='ocrx_word' id='word_1_238' title='bbox 743 1744 909 1777; x_wconf 83' lang='lat' dir='ltr'><strong>amicitia.</strong></span> <span class='ocrx_word' id='word_1_239' title='bbox 938 1754 971 1786; x_wconf 92' lang='lat' dir='ltr'><strong>p.</strong></span> <span class='ocrx_word' id='word_1_240' title='bbox 998 1745 1017 1776; x_wconf 95' lang='lat'>7</span> <span class='ocrx_word' id='word_1_241' title='bbox 1043 1744 1109 1776; x_wconf 83' lang='lat' dir='ltr'><strong>D.:</strong></span> <span class='ocrx_word' id='word_1_242' title='bbox 1149 1737 1244 1787; x_wconf 60' lang='grc' dir='ltr'><strong>(ἐγώ</strong></span> <span class='ocrx_word' id='word_1_243' title='bbox 1276 1735 1314 1775; x_wconf 81' lang='grc' dir='ltr'><strong>δ’</strong></span> <span class='ocrx_word' id='word_1_244' title='bbox 1347 1738 1457 1786; x_wconf 87' lang='grc' dir='ltr'><em>οἶμαι</em></span> <span class='ocrx_word' id='word_1_245' title='bbox 1489 1737 1560 1786; x_wconf 84' lang='grc' dir='ltr'><strong>τὴν</strong></span> <span class='ocrx_word' id='word_1_246' title='bbox 1591 1736 1710 1786; x_wconf 81' lang='grc' dir='ltr'><strong><em>ὀργὴν</em></strong></span> 
     </span>
     <span class='ocr_line' id='line_1_29' title="bbox 168 1782 1242 1834; baseline 0 -12"><span class='ocrx_word' id='word_1_247' title='bbox 168 1788 316 1834; x_wconf 81' lang='grc' dir='ltr'><strong><em>μανίαν</em></strong></span> <span class='ocrx_word' id='word_1_248' title='bbox 340 1782 606 1833; x_wconf 79' lang='grc' dir='ltr'><strong><em>ὀλιγοχρόνιον</em></strong></span> <span class='ocrx_word' id='word_1_249' title='bbox 633 1784 758 1823; x_wconf 81' lang='grc' dir='ltr'><em>εἶναι’</em></span> <span class='ocrx_word' id='word_1_250' title='bbox 1240 1810 1242 1812; x_wconf 88' lang='lat'>·</span> 
     </span>
    </p>
   </div>
   <div class='ocr_carea' id='block_1_6' title="bbox 169 1870 442 1874">
    <p class='ocr_par' dir='ltr' id='par_1_11' title="bbox 169 1870 442 1874">
     <span class='ocr_line' id='line_1_30' title="bbox 169 1870 442 1874; baseline 0 0"><span class='ocrx_word' id='word_1_251' title='bbox 169 1870 442 1874; x_wconf 95' lang='lat' dir='ltr'><strong> </strong></span> 
     </span>
    </p>
   </div>
   <div class='ocr_carea' id='block_1_7' title="bbox 168 1931 494 1969">
    <p class='ocr_par' dir='ltr' id='par_1_12' title="bbox 168 1931 494 1969">
     <span class='ocr_line' id='line_1_31' title="bbox 168 1931 494 1969; baseline -0.009 0"><span class='ocrx_word' id='word_1_252' title='bbox 168 1931 297 1969; x_wconf 75' lang='lat' dir='ltr'><strong>VA&#39;mA</strong></span> <span class='ocrx_word' id='word_1_253' title='bbox 325 1939 494 1967; x_wconf 68' lang='lat' dir='ltr'><strong>memo.</strong></span> 
     </span>
    </p>
   </div>
   <div class='ocr_carea' id='block_1_8' title="bbox 164 2005 1713 2512">
    <p class='ocr_par' dir='ltr' id='par_1_13' title="bbox 164 2005 1712 2114">
     <span class='ocr_line' id='line_1_32' title="bbox 164 2005 1712 2059; baseline 0.001 -14"><span class='ocrx_word' id='word_1_254' title='bbox 164 2007 250 2057; x_wconf 82' lang='lat' dir='ltr'><strong>pr.)</strong></span> <span class='ocrx_word' id='word_1_255' title='bbox 280 2009 532 2046; x_wconf 77' lang='lat' dir='ltr'><strong>Hildebertus</strong></span> <span class='ocrx_word' id='word_1_256' title='bbox 562 2008 674 2044; x_wconf 85' lang='lat' dir='ltr'><strong>acesit</strong></span> <span class='ocrx_word' id='word_1_257' title='bbox 704 2019 721 2044; x_wconf 84' lang='grc' dir='ltr'><em>ε</em></span> <span class='ocrx_word' id='word_1_258' title='bbox 747 2018 790 2055; x_wconf 81' lang='lat' dir='ltr'><strong>p.</strong></span> <span class='ocrx_word' id='word_1_259' title='bbox 813 2018 894 2045; x_wconf 86' lang='lat' dir='ltr'><strong>ras.</strong></span> <span class='ocrx_word' id='word_1_260' title='bbox 916 2006 953 2057; x_wconf 76' lang='lat'><strong>(9</strong></span> <span class='ocrx_word' id='word_1_261' title='bbox 974 2005 1094 2055; x_wconf 90' lang='lat' dir='ltr'><strong>corr.)</strong></span> <span class='ocrx_word' id='word_1_262' title='bbox 1124 2007 1252 2044; x_wconf 75' lang='lat' dir='ltr'><strong>acestit</strong></span> <span class='ocrx_word' id='word_1_263' title='bbox 1271 2019 1296 2056; x_wconf 82' lang='lat' dir='ltr'><em>y</em></span> <span class='ocrx_word' id='word_1_264' title='bbox 1316 2019 1337 2044; x_wconf 78' lang='lat'>2</span> <span class='ocrx_word' id='word_1_265' title='bbox 1363 2007 1521 2042; x_wconf 70' lang='lat' dir='ltr'><strong>nscessit</strong></span> <span class='ocrx_word' id='word_1_266' title='bbox 1547 2008 1712 2059; x_wconf 66' lang='lat' dir='ltr'><strong>florileg).</strong></span> 
     </span>
     <span class='ocr_line' id='line_1_33' title="bbox 171 2064 1645 2114; baseline 0 -11"><span class='ocrx_word' id='word_1_267' title='bbox 171 2067 420 2104; x_wconf 82' lang='lat' dir='ltr'><strong>Nostradam.</strong></span> <span class='ocrx_word' id='word_1_268' title='bbox 510 2066 564 2103; x_wconf 93' lang='lat'><strong>55</strong></span> <span class='ocrx_word' id='word_1_269' title='bbox 597 2064 747 2113; x_wconf 85' lang='lat' dir='ltr'><strong>Semper</strong></span> <span class='ocrx_word' id='word_1_270' title='bbox 777 2065 986 2114; x_wconf 79' lang='lat' dir='ltr'><strong>uoluptates</strong></span> <span class='ocrx_word' id='word_1_271' title='bbox 1017 2071 1152 2102; x_wconf 79' lang='lat' dir='ltr'><strong>nocent</strong></span> <span class='ocrx_word' id='word_1_272' title='bbox 1181 2075 1231 2101; x_wconf 73' lang='lat'><strong>81</strong></span> <span class='ocrx_word' id='word_1_273' title='bbox 1264 2069 1304 2101; x_wconf 82' lang='lat' dir='ltr'><strong>ut</strong></span> <span class='ocrx_word' id='word_1_274' title='bbox 1325 2066 1402 2102; x_wconf 84' lang='lat' dir='ltr'><strong>uid.</strong></span> <span class='ocrx_word' id='word_1_275' title='bbox 1493 2065 1597 2114; x_wconf 65' lang='lat' dir='ltr'><strong>Spne</strong></span> <span class='ocrx_word' id='word_1_276' title='bbox 1627 2078 1645 2104; x_wconf 84' lang='grc' dir='ltr'><em>ε</em></span> 
     </span>
    </p>

    <p class='ocr_par' dir='ltr' id='par_1_14' title="bbox 171 2118 1713 2342">
     <span class='ocr_line' id='line_1_34' title="bbox 171 2118 1713 2174; baseline 0 -14"><span class='ocrx_word' id='word_1_277' title='bbox 171 2119 309 2174; x_wconf 86' lang='lat' dir='ltr'><strong>empta]</strong></span> <span class='ocrx_word' id='word_1_278' title='bbox 342 2126 446 2160; x_wconf 87' lang='lat' dir='ltr'><strong>omis.</strong></span> <span class='ocrx_word' id='word_1_279' title='bbox 475 2122 508 2158; x_wconf 99' lang='lat' dir='ltr'><em>A</em></span> <span class='ocrx_word' id='word_1_280' title='bbox 536 2134 600 2170; x_wconf 84' lang='lat' dir='ltr'><strong>pr.</strong></span> <span class='ocrx_word' id='word_1_281' title='bbox 689 2120 796 2158; x_wconf 85' lang='lat' dir='ltr'><strong>dolor</strong></span> <span class='ocrx_word' id='word_1_282' title='bbox 817 2134 856 2157; x_wconf 78' lang='lat'><strong>2:</strong></span> <span class='ocrx_word' id='word_1_283' title='bbox 889 2134 906 2158; x_wconf 87' lang='grc' dir='ltr'>ε</span> <span class='ocrx_word' id='word_1_284' title='bbox 994 2122 1046 2159; x_wconf 86' lang='grc'>57</span> <span class='ocrx_word' id='word_1_285' title='bbox 1079 2124 1281 2159; x_wconf 78' lang='lat' dir='ltr'><strong>macrescit</strong></span> <span class='ocrx_word' id='word_1_286' title='bbox 1301 2118 1324 2158; x_wconf 79' lang='grc' dir='ltr'><em>ὃ</em></span> <span class='ocrx_word' id='word_1_287' title='bbox 1344 2126 1387 2159; x_wconf 88' lang='lat' dir='ltr'><strong>ut</strong></span> <span class='ocrx_word' id='word_1_288' title='bbox 1417 2124 1493 2159; x_wconf 86' lang='lat' dir='ltr'><strong>uid.</strong></span> <span class='ocrx_word' id='word_1_289' title='bbox 1524 2124 1713 2160; x_wconf 78' lang='lat' dir='ltr'><strong>macrescit</strong></span> 
     </span>
     <span class='ocr_line' id='line_1_35' title="bbox 173 2175 1713 2228; baseline 0.001 -11"><span class='ocrx_word' id='word_1_290' title='bbox 173 2175 286 2217; x_wconf 83' lang='lat' dir='ltr'><strong>cett.&#39;&#39;</strong></span> <span class='ocrx_word' id='word_1_291' title='bbox 318 2176 369 2224; x_wconf 81' lang='grc' dir='ltr'><strong>ς”</strong></span> <span class='ocrx_word' id='word_1_292' title='bbox 400 2193 494 2217; x_wconf 77' lang='lat' dir='ltr'><strong>cons.</strong></span> <span class='ocrx_word' id='word_1_293' title='bbox 529 2192 551 2216; x_wconf 89' lang='lat' dir='ltr'><strong>r</strong></span> <span class='ocrx_word' id='word_1_294' title='bbox 587 2178 781 2213; x_wconf 84' lang='lat' dir='ltr'><strong>marcescit</strong></span> <span class='ocrx_word' id='word_1_295' title='bbox 810 2188 832 2214; x_wconf 94' lang='grc' dir='ltr'>σ</span> <span class='ocrx_word' id='word_1_296' title='bbox 863 2190 875 2216; x_wconf 87' lang='grc'>1</span> <span class='ocrx_word' id='word_1_297' title='bbox 906 2192 932 2228; x_wconf 79' lang='lat' dir='ltr'><strong><em>y</em></strong></span> <span class='ocrx_word' id='word_1_298' title='bbox 965 2181 1084 2227; x_wconf 80' lang='lat' dir='ltr'><strong>floril.</strong></span> <span class='ocrx_word' id='word_1_299' title='bbox 1126 2180 1256 2216; x_wconf 83' lang='lat' dir='ltr'><strong>Nostr.</strong></span> <span class='ocrx_word' id='word_1_300' title='bbox 1296 2186 1328 2215; x_wconf 85' lang='lat' dir='ltr'><strong>et</strong></span> <span class='ocrx_word' id='word_1_301' title='bbox 1365 2180 1535 2216; x_wconf 83' lang='lat' dir='ltr'><strong>Parisin.</strong></span> <span class='ocrx_word' id='word_1_302' title='bbox 1574 2180 1713 2218; x_wconf 72' lang='lat'>88182</span> 
     </span>
     <span class='ocr_line' id='line_1_36' title="bbox 172 2237 1712 2286; baseline 0.001 -12"><span class='ocrx_word' id='word_1_303' title='bbox 172 2237 423 2274; x_wconf 82' lang='lat' dir='ltr'><strong>Hildebertus</strong></span> <span class='ocrx_word' id='word_1_304' title='bbox 455 2237 676 2274; x_wconf 79' lang='lat' dir='ltr'><strong>Vincentius</strong></span> <span class='ocrx_word' id='word_1_305' title='bbox 762 2237 810 2273; x_wconf 85' lang='lat' dir='ltr'><strong>de</strong></span> <span class='ocrx_word' id='word_1_306' title='bbox 837 2242 1078 2284; x_wconf 75' lang='lat' dir='ltr'><strong>pentametro</strong></span> <span class='ocrx_word' id='word_1_307' title='bbox 1102 2241 1195 2284; x_wconf 76' lang='lat' dir='ltr'><strong>post</strong></span> <span class='ocrx_word' id='word_1_308' title='bbox 1224 2237 1329 2273; x_wconf 79' lang='lat' dir='ltr'><strong>hunc</strong></span> <span class='ocrx_word' id='word_1_309' title='bbox 1351 2247 1506 2274; x_wconf 85' lang='lat' dir='ltr'><strong>uersum</strong></span> <span class='ocrx_word' id='word_1_310' title='bbox 1536 2238 1575 2273; x_wconf 83' lang='lat' dir='ltr'><strong>in</strong></span> <span class='ocrx_word' id='word_1_311' title='bbox 1604 2239 1712 2286; x_wconf 81' lang='lat' dir='ltr'><strong>flori-</strong></span> 
     </span>
     <span class='ocr_line' id='line_1_37' title="bbox 172 2290 1627 2342; baseline -0.001 -11"><span class='ocrx_word' id='word_1_312' title='bbox 172 2296 279 2342; x_wconf 72' lang='lat' dir='ltr'><strong>teyiis</strong></span> <span class='ocrx_word' id='word_1_313' title='bbox 309 2296 543 2341; x_wconf 81' lang='lat' dir='ltr'><strong>interpolato</strong></span> <span class='ocrx_word' id='word_1_314' title='bbox 575 2295 661 2330; x_wconf 83' lang='lat' dir='ltr'><strong>uide</strong></span> <span class='ocrx_word' id='word_1_315' title='bbox 693 2295 828 2330; x_wconf 83' lang='lat' dir='ltr'><strong>testim.</strong></span> <span class='ocrx_word' id='word_1_316' title='bbox 915 2306 953 2331; x_wconf 84' lang='lat' dir='ltr'><strong>u.</strong></span> <span class='ocrx_word' id='word_1_317' title='bbox 986 2294 1038 2331; x_wconf 85' lang='lat'>58</span> <span class='ocrx_word' id='word_1_318' title='bbox 1071 2296 1173 2331; x_wconf 87' lang='lat' dir='ltr'><strong>omis.</strong></span> <span class='ocrx_word' id='word_1_319' title='bbox 1207 2290 1231 2329; x_wconf 81' lang='grc' dir='ltr'><em>ὃ</em></span> <span class='ocrx_word' id='word_1_320' title='bbox 1262 2304 1275 2329; x_wconf 98' lang='grc'>1</span> <span class='ocrx_word' id='word_1_321' title='bbox 1371 2294 1424 2331; x_wconf 87' lang='grc'>58</span> <span class='ocrx_word' id='word_1_322' title='bbox 1455 2294 1580 2330; x_wconf 87' lang='lat' dir='ltr'><strong>lnuida</strong></span> <span class='ocrx_word' id='word_1_323' title='bbox 1610 2306 1627 2331; x_wconf 86' lang='grc' dir='ltr'><em>ε</em></span> 
     </span>
    </p>

    <p class='ocr_par' dir='ltr' id='par_1_15' title="bbox 174 2347 1713 2512">
     <span class='ocr_line' id='line_1_38' title="bbox 175 2347 1712 2401; baseline 0 -13"><span class='ocrx_word' id='word_1_324' title='bbox 175 2350 227 2388; x_wconf 89' lang='grc'>59</span> <span class='ocrx_word' id='word_1_325' title='bbox 260 2347 392 2401; x_wconf 89' lang='lat' dir='ltr'><strong>maius]</strong></span> <span class='ocrx_word' id='word_1_326' title='bbox 431 2350 548 2396; x_wconf 83' lang='lat' dir='ltr'><strong>magis</strong></span> <span class='ocrx_word' id='word_1_327' title='bbox 583 2353 744 2399; x_wconf 73' lang='lat' dir='ltr'><strong>floriley.</strong></span> <span class='ocrx_word' id='word_1_328' title='bbox 782 2351 954 2393; x_wconf 72' lang='lat' dir='ltr'><strong>Parisin.</strong></span> <span class='ocrx_word' id='word_1_329' title='bbox 986 2351 1124 2388; x_wconf 68' lang='lat'>8818³</span> <span class='ocrx_word' id='word_1_330' title='bbox 1154 2364 1237 2397; x_wconf 85' lang='lat' dir='ltr'><strong>opp.</strong></span> <span class='ocrx_word' id='word_1_331' title='bbox 1271 2351 1521 2388; x_wconf 85' lang='lat' dir='ltr'><strong>Nostradam.</strong></span> <span class='ocrx_word' id='word_1_332' title='bbox 1640 2352 1712 2388; x_wconf 84' lang='lat' dir='ltr'><strong>irae</strong></span> 
     </span>
     <span class='ocr_line' id='line_1_39' title="bbox 174 2402 1711 2457; baseline -0.001 -13"><span class='ocrx_word' id='word_1_333' title='bbox 174 2402 225 2444; x_wconf 81' lang='lat' dir='ltr'><strong>A&#39;</strong></span> <span class='ocrx_word' id='word_1_334' title='bbox 246 2409 285 2444; x_wconf 87' lang='lat' dir='ltr'><em>E</em></span> <span class='ocrx_word' id='word_1_335' title='bbox 301 2420 325 2457; x_wconf 76' lang='lat' dir='ltr'><em>y</em></span> <span class='ocrx_word' id='word_1_336' title='bbox 346 2420 363 2445; x_wconf 87' lang='grc' dir='ltr'><em>ε</em></span> <span class='ocrx_word' id='word_1_337' title='bbox 385 2408 433 2455; x_wconf 86' lang='lat' dir='ltr'><strong>(et</strong></span> <span class='ocrx_word' id='word_1_338' title='bbox 452 2406 571 2455; x_wconf 79' lang='lat' dir='ltr'><strong>Lips.)</strong></span> <span class='ocrx_word' id='word_1_339' title='bbox 598 2408 663 2456; x_wconf 87' lang='lat' dir='ltr'><strong>Pf.</strong></span> <span class='ocrx_word' id='word_1_340' title='bbox 685 2409 800 2454; x_wconf 69' lang='lat' dir='ltr'><strong>yloss.</strong></span> <span class='ocrx_word' id='word_1_341' title='bbox 824 2406 864 2442; x_wconf 90' lang='grc' dir='ltr'><em>Γ</em></span> <span class='ocrx_word' id='word_1_342' title='bbox 885 2408 940 2442; x_wconf 85' lang='lat' dir='ltr'><strong>ire</strong></span> <span class='ocrx_word' id='word_1_343' title='bbox 961 2421 984 2444; x_wconf 86' lang='grc' dir='ltr'><em>α</em></span> <span class='ocrx_word' id='word_1_344' title='bbox 1006 2419 1022 2445; x_wconf 87' lang='lat'>2</span> <span class='ocrx_word' id='word_1_345' title='bbox 1051 2419 1075 2456; x_wconf 82' lang='lat'><em>9</em></span> <span class='ocrx_word' id='word_1_346' title='bbox 1103 2410 1116 2444; x_wconf 86' lang='lat' dir='ltr'><strong>t</strong></span> <span class='ocrx_word' id='word_1_347' title='bbox 1138 2419 1154 2445; x_wconf 85' lang='lat'>2</span> <span class='ocrx_word' id='word_1_348' title='bbox 1176 2407 1224 2455; x_wconf 87' lang='lat' dir='ltr'><strong>(et</strong></span> <span class='ocrx_word' id='word_1_349' title='bbox 1242 2413 1337 2453; x_wconf 82' lang='lat' dir='ltr'><strong>fort.</strong></span> <span class='ocrx_word' id='word_1_350' title='bbox 1360 2409 1465 2455; x_wconf 82' lang='lat' dir='ltr'><strong>Lips.</strong></span> <span class='ocrx_word' id='word_1_351' title='bbox 1490 2407 1517 2455; x_wconf 92' lang='lat'><strong>1)</strong></span> <span class='ocrx_word' id='word_1_352' title='bbox 1546 2410 1711 2457; x_wconf 65' lang='lat' dir='ltr'><strong>florileg).</strong></span> 
     </span>
     <span class='ocr_line' id='line_1_40' title="bbox 176 2459 1713 2512; baseline -0.002 -10"><span class='ocrx_word' id='word_1_353' title='bbox 176 2465 422 2502; x_wconf 80' lang='lat' dir='ltr'><strong>Nostradam.</strong></span> <span class='ocrx_word' id='word_1_354' title='bbox 455 2466 543 2502; x_wconf 85' lang='lat' dir='ltr'><strong>iram</strong></span> <span class='ocrx_word' id='word_1_355' title='bbox 574 2466 612 2501; x_wconf 87' lang='lat' dir='ltr'><em>F</em></span> <span class='ocrx_word' id='word_1_356' title='bbox 631 2459 670 2499; x_wconf 72' lang='grc' dir='ltr'><strong>λ’</strong></span> <span class='ocrx_word' id='word_1_357' title='bbox 694 2475 707 2501; x_wconf 91' lang='grc'>1</span> <span class='ocrx_word' id='word_1_358' title='bbox 729 2460 752 2500; x_wconf 83' lang='grc' dir='ltr'><em>δ</em></span> <span class='ocrx_word' id='word_1_359' title='bbox 775 2475 788 2500; x_wconf 97' lang='grc'>1</span> <span class='ocrx_word' id='word_1_360' title='bbox 809 2465 843 2500; x_wconf 88' lang='lat' dir='ltr'><em>A</em></span> <span class='ocrx_word' id='word_1_361' title='bbox 863 2476 880 2502; x_wconf 89' lang='lat'>2</span> <span class='ocrx_word' id='word_1_362' title='bbox 908 2464 957 2512; x_wconf 86' lang='lat' dir='ltr'><strong>(et</strong></span> <span class='ocrx_word' id='word_1_363' title='bbox 976 2477 1005 2500; x_wconf 86' lang='grc' dir='ltr'><em>π</em></span> <span class='ocrx_word' id='word_1_364' title='bbox 1026 2464 1053 2512; x_wconf 86' lang='grc'>1)</span> <span class='ocrx_word' id='word_1_365' title='bbox 1084 2476 1214 2500; x_wconf 85' lang='lat' dir='ltr'><strong>aeuum</strong></span> <span class='ocrx_word' id='word_1_366' title='bbox 1244 2466 1344 2511; x_wconf 76' lang='lat' dir='ltr'><strong>Pph.</strong></span> <span class='ocrx_word' id='word_1_367' title='bbox 1358 2481 1369 2506; x_wconf 91' lang='lat'><strong>‚·</strong></span> <span class='ocrx_word' id='word_1_368' title='bbox 1397 2466 1596 2511; x_wconf 82' lang='lat' dir='ltr'><strong>posteriora</strong></span> <span class='ocrx_word' id='word_1_369' title='bbox 1626 2472 1713 2500; x_wconf 80' lang='lat' dir='ltr'><strong>tem-</strong></span> 
     </span>
    </p>
   </div>
   <div class='ocr_carea' id='block_1_9' title="bbox 173 2522 1768 2569">
    <p class='ocr_par' dir='ltr' id='par_1_16' title="bbox 173 2522 1768 2569">
     <span class='ocr_line' id='line_1_41' title="bbox 173 2522 1768 2569; baseline 0.002 -13"><span class='ocrx_word' id='word_1_370' title='bbox 173 2534 265 2568; x_wconf 83' lang='lat' dir='ltr'><strong>pora</strong></span> <span class='ocrx_word' id='word_1_371' title='bbox 293 2524 441 2564; x_wconf 73' lang='lat' dir='ltr'><strong>uerbum</strong></span> <span class='ocrx_word' id='word_1_372' title='bbox 470 2523 650 2557; x_wconf 82' lang='lat' dir='ltr'><strong>moderari</strong></span> <span class='ocrx_word' id='word_1_373' title='bbox 678 2534 756 2556; x_wconf 80' lang='lat' dir='ltr'><strong>cum</strong></span> <span class='ocrx_word' id='word_1_374' title='bbox 787 2523 989 2558; x_wconf 84' lang='lat' dir='ltr'><strong>accusatiuo</strong></span> <span class='ocrx_word' id='word_1_375' title='bbox 1019 2523 1239 2569; x_wconf 78' lang='lat' dir='ltr'><strong>coniungere</strong></span> <span class='ocrx_word' id='word_1_376' title='bbox 1267 2524 1428 2558; x_wconf 77' lang='lat' dir='ltr'><strong>solebant</strong></span> <span class='ocrx_word' id='word_1_377' title='bbox 1531 2522 1584 2559; x_wconf 90' lang='grc'><strong>60</strong></span> <span class='ocrx_word' id='word_1_378' title='bbox 1616 2522 1714 2559; x_wconf 79' lang='lat' dir='ltr'><strong>uelet</strong></span> <span class='ocrx_word' id='word_1_379' title='bbox 1760 2548 1768 2551; x_wconf 24' lang='lat' dir='ltr'><em>Q</em></span> 
     </span>
    </p>
   </div>
   <div class='ocr_carea' id='block_1_10' title="bbox 174 2576 1725 2913">
    <p class='ocr_par' dir='ltr' id='par_1_17' title="bbox 174 2576 1725 2913">
     <span class='ocr_line' id='line_1_42' title="bbox 174 2576 1714 2630; baseline -0.001 -14"><span class='ocrx_word' id='word_1_380' title='bbox 174 2591 192 2616; x_wconf 84' lang='grc' dir='ltr'><em>ε</em></span> <span class='ocrx_word' id='word_1_381' title='bbox 294 2584 330 2616; x_wconf 84' lang='lat' dir='ltr'><strong>et</strong></span> <span class='ocrx_word' id='word_1_382' title='bbox 360 2576 479 2630; x_wconf 91' lang='lat' dir='ltr'><strong>mens]</strong></span> <span class='ocrx_word' id='word_1_383' title='bbox 513 2591 662 2613; x_wconf 82' lang='lat' dir='ltr'><strong>exmens</strong></span> <span class='ocrx_word' id='word_1_384' title='bbox 693 2591 719 2627; x_wconf 75' lang='lat' dir='ltr'><em>y</em></span> <span class='ocrx_word' id='word_1_385' title='bbox 749 2580 801 2616; x_wconf 89' lang='lat' dir='ltr'><strong>H.</strong></span> <span class='ocrx_word' id='word_1_386' title='bbox 833 2579 1057 2627; x_wconf 76' lang='lat' dir='ltr'><strong>Stephanus</strong></span> <span class='ocrx_word' id='word_1_387' title='bbox 1091 2591 1171 2626; x_wconf 84' lang='lat' dir='ltr'><strong>opp.</strong></span> <span class='ocrx_word' id='word_1_388' title='bbox 1201 2581 1366 2628; x_wconf 66' lang='lat' dir='ltr'><strong>florileg).</strong></span> <span class='ocrx_word' id='word_1_389' title='bbox 1400 2580 1648 2616; x_wconf 84' lang='lat' dir='ltr'><strong>Nostradam.</strong></span> <span class='ocrx_word' id='word_1_390' title='bbox 1681 2586 1714 2615; x_wconf 79' lang='lat' dir='ltr'><strong>et</strong></span> 
     </span>
     <span class='ocr_line' id='line_1_43' title="bbox 175 2635 1710 2683; baseline 0.001 -12"><span class='ocrx_word' id='word_1_391' title='bbox 175 2636 257 2671; x_wconf 75' lang='lat' dir='ltr'><strong>uide</strong></span> <span class='ocrx_word' id='word_1_392' title='bbox 286 2636 525 2673; x_wconf 77' lang='lat' dir='ltr'><strong>Rothmaler.</strong></span> <span class='ocrx_word' id='word_1_393' title='bbox 566 2637 612 2673; x_wconf 85' lang='lat' dir='ltr'><strong>de</strong></span> <span class='ocrx_word' id='word_1_394' title='bbox 643 2637 743 2673; x_wconf 87' lang='lat' dir='ltr'><strong>Hor.</strong></span> <span class='ocrx_word' id='word_1_395' title='bbox 777 2637 984 2673; x_wconf 83' lang='lat' dir='ltr'><strong>uerborum</strong></span> <span class='ocrx_word' id='word_1_396' title='bbox 1020 2639 1245 2683; x_wconf 65' lang='lat' dir='ltr'><strong>inuentam,</strong></span> <span class='ocrx_word' id='word_1_397' title='bbox 1281 2637 1412 2673; x_wconf 84' lang='lat' dir='ltr'><strong>Berol.</strong></span> <span class='ocrx_word' id='word_1_398' title='bbox 1447 2635 1554 2673; x_wconf 82' lang='lat'>1862</span> <span class='ocrx_word' id='word_1_399' title='bbox 1585 2648 1625 2683; x_wconf 88' lang='lat' dir='ltr'><strong>p.</strong></span> <span class='ocrx_word' id='word_1_400' title='bbox 1659 2635 1710 2672; x_wconf 83' lang='lat'><strong>21</strong></span> 
     </span>
     <span class='ocr_line' id='line_1_44' title="bbox 175 2689 1715 2742; baseline -0.002 -12"><span class='ocrx_word' id='word_1_401' title='bbox 175 2704 299 2726; x_wconf 85' lang='lat' dir='ltr'><strong>amens</strong></span> <span class='ocrx_word' id='word_1_402' title='bbox 329 2706 354 2741; x_wconf 77' lang='lat' dir='ltr'><strong><em>y</em></strong></span> <span class='ocrx_word' id='word_1_403' title='bbox 387 2689 488 2742; x_wconf 87' lang='lat' dir='ltr'><strong>[cod.</strong></span> <span class='ocrx_word' id='word_1_404' title='bbox 532 2694 651 2731; x_wconf 85' lang='lat' dir='ltr'><strong>Vatic.</strong></span> <span class='ocrx_word' id='word_1_405' title='bbox 684 2692 727 2740; x_wconf 67' lang='lat'><strong>(2)</strong></span> <span class='ocrx_word' id='word_1_406' title='bbox 765 2695 805 2730; x_wconf 86' lang='lat' dir='ltr'><strong>in</strong></span> <span class='ocrx_word' id='word_1_407' title='bbox 836 2693 983 2731; x_wconf 85' lang='lat' dir='ltr'><strong>Mureti</strong></span> <span class='ocrx_word' id='word_1_408' title='bbox 1011 2706 1100 2731; x_wconf 86' lang='lat' dir='ltr'><strong>uar.</strong></span> <span class='ocrx_word' id='word_1_409' title='bbox 1130 2696 1219 2731; x_wconf 85' lang='lat' dir='ltr'><strong>lect.</strong></span> <span class='ocrx_word' id='word_1_410' title='bbox 1255 2693 1328 2740; x_wconf 81' lang='lat'><strong>18,</strong></span> <span class='ocrx_word' id='word_1_411' title='bbox 1361 2689 1427 2742; x_wconf 89' lang='lat'><strong>3];</strong></span> <span class='ocrx_word' id='word_1_412' title='bbox 1466 2695 1634 2728; x_wconf 77' lang='lat' dir='ltr'><strong>habemus</strong></span> <span class='ocrx_word' id='word_1_413' title='bbox 1665 2690 1715 2730; x_wconf 71' lang='grc' dir='ltr'><strong>ἳν</strong></span> 
     </span>
     <span class='ocr_line' id='line_1_45' title="bbox 176 2744 1714 2798; baseline -0.001 -13"><span class='ocrx_word' id='word_1_414' title='bbox 176 2744 243 2786; x_wconf 75' lang='grc' dir='ltr'><strong>διὰ</strong></span> <span class='ocrx_word' id='word_1_415' title='bbox 275 2746 393 2786; x_wconf 82' lang='grc' dir='ltr'><em>δυοῖν</em></span> <span class='ocrx_word' id='word_1_416' title='bbox 523 2749 575 2788; x_wconf 85' lang='grc'><strong>62</strong></span> <span class='ocrx_word' id='word_1_417' title='bbox 607 2750 719 2787; x_wconf 83' lang='lat' dir='ltr'><strong>furor</strong></span> <span class='ocrx_word' id='word_1_418' title='bbox 747 2762 765 2786; x_wconf 87' lang='grc' dir='ltr'><strong><em>ε</em></strong></span> <span class='ocrx_word' id='word_1_419' title='bbox 867 2749 968 2788; x_wconf 89' lang='lat' dir='ltr'><strong>beuis</strong></span> <span class='ocrx_word' id='word_1_420' title='bbox 999 2761 1015 2786; x_wconf 91' lang='grc' dir='ltr'><em>ε</em></span> <span class='ocrx_word' id='word_1_421' title='bbox 1044 2763 1108 2798; x_wconf 83' lang='lat' dir='ltr'><strong>pr.</strong></span> <span class='ocrx_word' id='word_1_422' title='bbox 1218 2750 1270 2787; x_wconf 87' lang='lat'><strong>63</strong></span> <span class='ocrx_word' id='word_1_423' title='bbox 1301 2750 1465 2794; x_wconf 85' lang='lat' dir='ltr'><strong>Impera,</strong></span> <span class='ocrx_word' id='word_1_424' title='bbox 1497 2754 1535 2784; x_wconf 85' lang='lat' dir='ltr'><strong>et</strong></span> <span class='ocrx_word' id='word_1_425' title='bbox 1565 2750 1662 2784; x_wconf 90' lang='lat' dir='ltr'><strong>hunc</strong></span> <span class='ocrx_word' id='word_1_426' title='bbox 1687 2762 1714 2798; x_wconf 78' lang='lat' dir='ltr'><em>y</em></span> 
     </span>
     <span class='ocr_line' id='line_1_46' title="bbox 179 2802 1715 2857; baseline 0.001 -15"><span class='ocrx_word' id='word_1_427' title='bbox 179 2802 252 2856; x_wconf 86' lang='lat' dir='ltr'><strong>[H.</strong></span> <span class='ocrx_word' id='word_1_428' title='bbox 287 2807 476 2853; x_wconf 75' lang='lat' dir='ltr'><strong>Stephani</strong></span> <span class='ocrx_word' id='word_1_429' title='bbox 505 2808 589 2844; x_wconf 86' lang='lat' dir='ltr'><strong>cod.</strong></span> <span class='ocrx_word' id='word_1_430' title='bbox 622 2811 800 2844; x_wconf 81' lang='lat' dir='ltr'><strong>uetustus</strong></span> <span class='ocrx_word' id='word_1_431' title='bbox 828 2803 891 2857; x_wconf 85' lang='lat'>(?)]</span> <span class='ocrx_word' id='word_1_432' title='bbox 1008 2818 1187 2857; x_wconf 85' lang='lat' dir='ltr'><strong>conpesce</strong></span> <span class='ocrx_word' id='word_1_433' title='bbox 1217 2808 1250 2843; x_wconf 93' lang='lat' dir='ltr'><em>A</em></span> <span class='ocrx_word' id='word_1_434' title='bbox 1276 2819 1301 2856; x_wconf 78' lang='grc' dir='ltr'><em>γ</em></span> <span class='ocrx_word' id='word_1_435' title='bbox 1329 2806 1367 2842; x_wconf 87' lang='lat' dir='ltr'><em>F</em></span> <span class='ocrx_word' id='word_1_436' title='bbox 1392 2806 1413 2842; x_wconf 83' lang='grc' dir='ltr'><strong><em>λ</em></strong></span> <span class='ocrx_word' id='word_1_437' title='bbox 1441 2805 1494 2854; x_wconf 84' lang='grc' dir='ltr'><strong>(ν)</strong></span> <span class='ocrx_word' id='word_1_438' title='bbox 1524 2818 1715 2857; x_wconf 88' lang='lat' dir='ltr'><strong>compesce</strong></span> 
     </span>
     <span class='ocr_line' id='line_1_47' title="bbox 181 2859 1725 2913; baseline 0 -14"><span class='ocrx_word' id='word_1_439' title='bbox 181 2863 218 2899; x_wconf 89' lang='grc' dir='ltr'><em>Ε</em></span> <span class='ocrx_word' id='word_1_440' title='bbox 234 2860 258 2898; x_wconf 80' lang='grc' dir='ltr'><em>δ</em></span> <span class='ocrx_word' id='word_1_441' title='bbox 280 2875 297 2899; x_wconf 88' lang='grc' dir='ltr'><em>ε</em></span> <span class='ocrx_word' id='word_1_442' title='bbox 321 2860 371 2907; x_wconf 77' lang='grc' dir='ltr'><strong>ς”</strong></span> <span class='ocrx_word' id='word_1_443' title='bbox 400 2865 564 2912; x_wconf 74' lang='lat' dir='ltr'><strong>floriley.</strong></span> <span class='ocrx_word' id='word_1_444' title='bbox 599 2864 846 2901; x_wconf 84' lang='lat' dir='ltr'><strong>Nostradam.</strong></span> <span class='ocrx_word' id='word_1_445' title='bbox 935 2869 1060 2901; x_wconf 86' lang='lat' dir='ltr'><strong>catena</strong></span> <span class='ocrx_word' id='word_1_446' title='bbox 1091 2864 1125 2900; x_wconf 92' lang='lat' dir='ltr'><em>A</em></span> <span class='ocrx_word' id='word_1_447' title='bbox 1133 2860 1144 2875; x_wconf 86' lang='lat'><strong><em>‘</em></strong></span> <span class='ocrx_word' id='word_1_448' title='bbox 1164 2876 1189 2913; x_wconf 78' lang='grc' dir='ltr'><em>γ</em></span> <span class='ocrx_word' id='word_1_449' title='bbox 1210 2865 1248 2900; x_wconf 90' lang='lat' dir='ltr'><em>F</em></span> <span class='ocrx_word' id='word_1_450' title='bbox 1265 2859 1303 2899; x_wconf 82' lang='grc' dir='ltr'><strong>λ’</strong></span> <span class='ocrx_word' id='word_1_451' title='bbox 1324 2860 1349 2899; x_wconf 78' lang='grc' dir='ltr'><em>ὃ</em></span> <span class='ocrx_word' id='word_1_452' title='bbox 1369 2874 1387 2900; x_wconf 85' lang='grc' dir='ltr'>ε</span> <span class='ocrx_word' id='word_1_453' title='bbox 1411 2859 1462 2907; x_wconf 84' lang='grc' dir='ltr'><strong>ς”</strong></span> <span class='ocrx_word' id='word_1_454' title='bbox 1483 2862 1531 2912; x_wconf 86' lang='lat' dir='ltr'><strong>(et</strong></span> <span class='ocrx_word' id='word_1_455' title='bbox 1551 2877 1573 2900; x_wconf 89' lang='lat' dir='ltr'><strong>r</strong></span> <span class='ocrx_word' id='word_1_456' title='bbox 1594 2863 1725 2911; x_wconf 58' lang='lat' dir='ltr'><strong>corn),</strong></span> 
     </span>
    </p>
   </div>
   <div class='ocr_carea' id='block_1_11' title="bbox 1440 2939 1508 2974">
    <p class='ocr_par' dir='ltr' id='par_1_18' title="bbox 1440 2939 1508 2974">
     <span class='ocr_line' id='line_1_48' title="bbox 1440 2939 1508 2974; baseline 0.015 -1"><span class='ocrx_word' id='word_1_457' title='bbox 1440 2939 1508 2974; x_wconf 79' lang='lat'><strong>14*</strong></span> 
     </span>
    </p>
   </div>
   <div class='ocr_carea' id='block_1_12' title="bbox 355 3050 377 3057">
    <p class='ocr_par' dir='ltr' id='par_1_19' title="bbox 355 3050 377 3057">
     <span class='ocr_line' id='line_1_49' title="bbox 355 3050 377 3057; baseline 0 -2"><span class='ocrx_word' id='word_1_458' title='bbox 355 3050 377 3057; x_wconf 67' lang='grc'><strong>..</strong></span> 
     </span>
    </p>
   </div>
  </div>
 </body>
</html>
