1930 3094
782 115 1018 142 PRAEFATIO
1629 116 1672 140 XI

134 217 246 257 ribus
282 217 404 266 locis,
450 217 521 256 ubi
562 232 583 257 v
620 218 688 257 uel
726 229 769 257 υι
810 205 953 270 parum
990 217 1139 270 liquet,
1187 231 1328 256 ueram
1366 217 1519 256 codicis
1555 216 1678 255 huius

135 286 356 326 lectionem
387 299 532 325 eruere
564 300 614 326 ex
643 286 879 325 Basiliensi.
1482 271 1487 276 ¹

249 355 533 394 Berolinensis
566 355 646 393 269
677 355 831 394 saeculi
850 355 963 393 XIII
994 354 1193 407 epistulas
1215 359 1344 394 artem
1366 355 1570 406 poeticam
1591 367 1672 393 ser·
1693 349 1884 411 ffl‘ssss'gjffefflf}

134 437 277 463 mones
315 423 534 462 continens
570 428 664 476 post
692 422 960 462 Theodorum
990 422 1199 470 Apitzium
1241 423 1389 461 iterum
1429 436 1453 461 a
1482 422 1677 461 Karolo

139 492 385 531 Diltheio
423 497 564 531 nostro
603 491 916 543 diligentissime
947 491 991 529 in
1023 491 1279 530 sermonibus
1310 491 1497 530 conlatus
1530 496 1604 530 est.

250 560 457 600 Bruxellis
488 559 531 598 in
561 558 829 611 bybliotheca
858 559 1026 611 publica
1049 559 1317 609 Burgundica
1347 559 1678 610 transcripsimus
1698 556 1885 617 ⁰225{„ggu‘

137 627 217 668 duo
249 628 428 675 codices,
460 641 633 680 quorum
653 627 758 666 alter
788 633 875 666 erat
903 628 1090 679 signatus
1112 628 1293 666 numeris
1316 628 1453 666 10063
1476 632 1517 666 et
1541 626 1675 666 10064
1693 637 1879 663 1006340064

134 697 288 737 saeculi
307 697 420 735 XIII
449 696 667 735 continens
699 696 880 735 carmina
911 695 1063 743 epodos
1095 701 1222 734 artem
1244 695 1448 748 poeticam
1469 708 1680 734 sermones

136 764 354 818 epistulas,
396 765 493 803 olim
522 764 687 817 collegii
717 764 926 803 societatis
956 763 1052 802 Iesu
1084 763 1380 810 Louanicnsis,
1420 762 1526 802 alter
1562 763 1681 814 isque

135 833 300 873 maioris
338 834 460 886 pretii
497 833 684 885 signatus
722 832 903 871 numeris
935 833 1045 870 9776
1088 830 1160 882 (--
1191 829 1414 880 carmina),
1455 832 1565 870 9777
1608 829 1680 882 (=
1704 841 1796 868 codex
1815 842 1886 881 sru-

135 901 382 951 sermones),
416 902 527 940 9778
561 899 633 951 (=
663 914 728 940 ars
759 898 959 953 poetica),
994 901 1104 939 9778
1135 900 1199 939 bis
1232 898 1304 951 (=
1324 898 1558 952 epistulae),
1591 913 1679 938 sac·
1704 876 1858 938 οῗῗιὲῗεῗῗᾶἓ

139 970 222 1009 culi
251 970 317 1009 XI
347 983 438 1009 cum
467 969 771 1022 subscriptione
798 969 1074 1008 Mauortiana.

249 1038 514 1078 Burneianus
554 1039 633 1077 179
674 1038 772 1077 olim
809 1036 1084 1076 Askewianus
1129 1051 1240 1076 nunc
1279 1037 1409 1076 musei
1446 1036 1678 1075 Britannici
1697 1037 1888 1100 ἓῖῗξζαξῗξθ

136 1107 239 1159 plut.
273 1106 434 1145 CLXII
463 1106 511 1154 F,
543 1107 698 1146 saeculi
727 1106 842 1144 XIII
872 1106 1082 1154 exeuntis,
1126 1106 1344 1145 continens
1380 1105 1562 1144 carmina
1593 1118 1678 1144 car-

136 1189 231 1215 men
262 1189 369 1214 saec.
400 1175 555 1227 epodos
593 1182 668 1214 art.
700 1180 807 1227 poet.
840 1187 1049 1213 sermones
1081 1174 1299 1226 epistulas,
1341 1174 1384 1212 in
1424 1173 1681 1212 sermonibus

137 1243 324 1283 conlatus
355 1257 380 1282 a
410 1242 543 1282 nobis.

254 1311 548 1352 Gronouianus
577 1329 634 1343 =
670 1311 891 1351 Leidensis
934 1310 1137 1350 Gronouii
1167 1311 1215 1350 F.
1250 1310 1301 1349 15
1341 1310 1497 1349 saeculi
1525 1297 1682 1349 X‘I'i—
1700 1300 1887 1362 cssgssssanfiff'

139 1369 267 1419 XIII.
328 1380 574 1420 contulimus
605 1380 698 1432 ipsi.

222 1448 416 1488 ‚codices
454 1449 672 1488 Harleiani
712 1449 822 1487 2724
851 1444 902 1499 {in
935 1446 1082 1487 'musco
1120 1448 1363 1487 Britannico
1404 1447 1506 1499 plut.
1539 1447 1599 1486 LI
1629 1448 1803 1486 Remum
1816 1449 1886 1475 Har-

138 1517 292 1557 saeculi
310 1507 412 1579 Ε
448 1516 573 1565 med,
607 1517 718 1556 3534
758 1518 800 1555 in
840 1530 979 1556 museo
1017 1517 1260 1555 Britannico
1302 1516 1404 1568 plut.
1443 1516 1593 1554 LXIII
1625 1515 1677 1556 G.
1706 1484 1888 1556 10532342724.

139 1586 294 1626 saeculi
322 1586 412 1624 XII
444 1586 651 1634 exeuntis,
686 1585 808 1627 3754.
830 1586 966 1646 2:362.
1000 1585 1246 1624 contulimus
1276 1585 1370 1637 ipsi.
1706 1599 1784 1626 3754.
1803 1599 1871 1625 4862

251 1654 405 1694 Mellic.
425 1671 481 1686 =
503 1654 635 1693 codex
655 1654 809 1694 saeculi
829 1654 896 1693 XI
927 1668 949 1693 e
970 1653 1263 1706 Francogallia
1286 1651 1378 1705 (pcr
1400 1651 1680 1704 Gersonum?)
1743 1655 1834 1682 codex

139 1724 182 1761 in
220 1722 529 1775 bybliothecam
565 1722 934 1762 Benedictinorum
963 1722 1265 1761 Mellicensium
1304 1721 1512 1774 quondam
1550 1727 1682 1760 trans·
1702 1689 1877 1716 Meumensm

139 1797 338 1844 portatus.
393 1790 515 1829 huius
546 1791 698 1830 codicis
729 1790 782 1829 ad
814 1791 1010 1829 familiam
1040 1787 1154 1841 A'Ey
1185 1791 1433 1843 pertinentis
1464 1789 1682 1829 Wilhel-

117 1872 246 1899 ·mus
283 1859 555 1898 Hartelius
593 1857 933 1898 Vindobonensis
972 1859 1107 1898 clarus
1147 1858 1345 1911 Cypriani
1391 1858 1546 1905 editor,
1593 1872 1685 1897 cum

140 1941 216 1981 per
257 1927 594 1966 humanissimum
640 1927 998 1979 doctissimumque
1049 1926 1285 1966 abbatem
1328 1926 1684 1965 Mellicensem

140 1996 290 2035 librum
326 1997 386 2035 in·
413 1995 556 2035 urbem
592 1995 777 2035 licuisset
813 1996 1049 2043 transferri,
1097 1996 1376 2034 conlationem
1420 1995 1518 2033 fecit
1561 2007 1684 2046 quam

142 2065 317 2104 maxime
349 2069 579 2103 accuratam
609 2063 811 2116 nobisque
841 2065 989 2103 amoris
1021 2077 1143 2103 causa
1175 2063 1284 2102 dono
1308 2063 1436 2102 dedit.
1476 2075 1556 2114 quo
1578 2062 1684 2101 libro

143 2146 234 2172 cum
274 2132 328 2171 ad
366 2132 594 2172 eruendam
632 2132 848 2185 archetypi
888 2133 1045 2184 primae
1091 2132 1230 2171 classis
1268 2132 1440 2170 formam
1476 2130 1684 2170 interdum

143 2215 228 2240 non
259 2201 459 2252 possimus
491 2213 652 2249 carere,
684 2201 897 2252 permultis
926 2201 1027 2240 locis
1058 2201 1167 2246 inter
1187 2199 1350 2239 codices
1369 2212 1396 2248 y
1428 2200 1514 2238 eius
1544 2199 1684 2238 lectio-

144 2283 218 2309 nes
249 2269 459 2308 attulimus
489 2282 567 2308 nec
587 2283 739 2321 paucas
769 2275 914 2322 postea
934 2271 977 2308 in
1006 2270 1217 2308 uolumine
1246 2269 1334 2316 III,
1366 2267 1438 2306 ubi
1470 2268 1521 2307 de
1543 2267 1684 2306 arche-

143 2344 244 2391 typo
276 2337 416 2377 classis
435 2337 458 2376 I
488 2343 645 2389 agetur,
678 2337 899 2377 trademus.
940 2338 984 2376 in
1005 2338 1190 2390 margine
1219 2337 1434 2376 cuiusdam
1464 2336 1553 2374 solii
1582 2335 1686 2374 haec

144 2406 399 2459 repperimus
429 2405 576 2445 uerba:
610 2405 719 2445 ‘Iste
749 2404 855 2445 liber
884 2406 1163 2458 redintegrat'
1197 2411 1258 2444 est
1288 2404 1339 2444 ab
1369 2402 1562 2444 odelrice.
1606 2403 1684 2442 cui'

145 2480 186 2514 et
216 2475 331 2514 erat’.

258 2542 648 2595 Montepessulanus
670 2542 963 2596 bybliothecae
994 2542 1160 2582 scholae
1182 2542 1366 2582 medicae
1397 2555 1460 2581 nr.
1483 2541 1565 2580 425
1589 2540 1890 2609 Olimtffgses'ssfflffls'

145 2610 419 2659 Pithoeanu8‚
452 2625 504 2650 ex
532 2611 648 2650 libris
669 2611 834 2662 collegii
855 2612 1020 2650 oratorii
1040 2611 1279 2658 Trecensis,
1313 2625 1337 2649 a
1366 2608 1569 2648 nobismet
1588 2622 1683 2647 con-
1717 2590 1734 2617 p
1752 2625 1788 2641 =
1803 2625 1829 2653 μ

145 2679 253 2718 latus
291 2684 332 2718 et
369 2679 613 2731 quibusdam
650 2679 751 2718 locis
791 2678 925 2718 dubiis
964 2693 988 2718 a
1025 2679 1182 2718 Karolo
1213 2678 1400 2717 Diltheio
1440 2677 1684 2716 amicissimo

146 2747 294 2786 iterum
323 2748 554 2799 inspectus,
586 2747 740 2787 saeculi
759 2735 862 2786 ᾖ.
901 2747 967 2786 hic
998 2747 1129 2787 codex
1158 2748 1304 2786 mirum
1333 2746 1377 2785 in
1398 2745 1563 2784 modum
1594 2759 1684 2797 per-

148 2814 293 2853 multas
322 2815 522 2855 lectiones
544 2815 712 2855 exhibet
740 2815 960 2868 singularis
982 2829 1060 2855 nec
1080 2829 1231 2868 paucas
1261 2827 1326 2854 res
1348 2814 1685 2867 orthographicas
