1820 3094
765 122 846 149 Lm.
879 122 912 148 11
943 119 977 155 7,
999 119 1086 146 5--26
1616 100 1690 142 171

274 234 453 276 contudit
484 234 692 290 articulos,
726 234 795 285 qui
824 246 899 286 pro
930 245 973 273 se
1003 231 1163 273 tolleret
1192 235 1310 284 atque

272 311 448 350 mitteret
477 311 517 349 in
549 308 728 362 phimum
760 308 881 352 talos,
914 304 1100 347 mercede
1131 306 1272 347 diurna

275 384 513 425 conductum
544 384 672 436 pauit:
705 387 851 436 quanto
884 382 1130 426 constantior
1161 380 1266 420 idem

274 460 314 499 in
348 459 470 505 uitiis,
503 462 612 497 tanto
643 456 768 497 leuius
800 457 921 496 miser
951 468 998 496 ac
1026 456 1138 508 prior
1168 454 1235 494 ille

274 534 342 587 qui
372 533 448 572 iam
480 536 690 577 contento,
720 532 799 570 iam
830 529 920 571 laxo
951 530 1045 570 fune
1076 528 1261 569 laborat?
1652 531 1697 562 20

273 620 352 647 non
384 606 491 646 dices
522 604 639 645 hodie
669 616 862 657 quorsum
893 603 992 643 haec
1023 608 1104 643 tam
1134 602 1270 655 putida
1302 601 1488 646 tendant,

272 680 464 721 furcifer?
496 679 565 720 ‘ad
598 684 657 725 te,
689 679 890 730 inquam’.
952 690 1030 731 quo
1061 678 1196 730 pacto,
1229 677 1426 729 pessime?
1460 674 1619 715 ‘laudas

272 755 470 796 fortunam
502 759 541 794 et
571 766 704 794 mores
735 753 919 804 antiquae
950 751 1099 805 plebis,
1133 757 1172 792 et
1201 750 1330 797 idem,

274 830 398 881 siquis
428 828 478 868 ad
507 827 574 868 illa
605 827 704 868 deus
735 826 865 868 subito
895 831 935 867 te
966 832 1076 878 agat,
1109 838 1235 879 usque
1263 837 1450 871 recuses,

272 908 339 944 aut
368 903 460 955 quia
492 915 572 942 non
602 903 727 942 sentis
757 901 863 954 quod
894 900 1042 941 clamas
1072 901 1221 941 rectius
1253 912 1365 946 esse,
1654 903 1698 935 25

273 983 339 1017 aut
369 978 457 1029 quia
488 989 569 1017 non
601 977 738 1016 firmus
767 981 923 1016 rectum
954 974 1135 1015 defendis
1166 980 1206 1015 et
1236 974 1379 1015 haeres

157 1104 428 1134 TESTIMONIA.

251 1160 385 1194 15—16
408 1158 457 1193 cf.
475 1159 577 1193 Pers·
594 1161 627 1201 5,
645 1160 688 1192 59
706 1168 777 1201 sq.:
811 1159 899 1192 ‘sed
925 1169 1007 1192 cum
1030 1157 1200 1201 lapidosa
1223 1158 1405 1201 cheragra
1429 1156 1585 1200 fregerit
1611 1155 1699 1188 arti-

160 1204 282 1239 culos’
377 1207 420 1240 24
447 1206 494 1238 cf.
519 1206 656 1239 Auson.
683 1205 795 1248 epist.
818 1207 853 1247 4,
878 1207 939 1238 31:
972 1204 1230 1249 ‘subsidisque
1263 1204 1368 1237 fero?
1400 1213 1531 1236 moneo
1562 1205 1699 1240 tamen,

159 1262 302 1294 usque
329 1255 537 1284 recuses'

159 1368 288 1395 VARIA
322 1368 488 1395 LECTIO.

279 1426 330 1464 16
361 1425 536 1463 Contudit
567 1426 605 1462 Ε
628 1438 652 1476 γ
680 1426 717 1461 F
745 1422 783 1469 ς’
815 1425 978 1462 Contulit
1009 1425 1070 1461 λ3
1057 1438 1082 1474 3]
1113 1425 1311 1462 Contundit
1348 1437 1366 1463 ε
1397 1425 1568 1470 Contigit
1595 1436 1622 1472 y
1655 1420 1696 1474 [1

166 1479 326 1533 Βίαντά]
360 1481 535 1529 ‘propter
565 1487 718 1517 metrum
749 1482 952 1530 corripuit'
974 1483 1066 1520 Aer.
1159 1482 1286 1519 tollere
1309 1484 1383 1533 Ey
1472 1482 1522 1520 17
1555 1483 1591 1518 in
1621 1482 1701 1531 phi-

161 1552 258 1578 mum
288 1541 403 1590 Εγε
425 1545 495 1588 ψ2
516 1537 574 1589 (β’
586 1553 609 1577 ν
630 1550 643 1576 1
675 1545 716 1577 uc
747 1541 822 1577 uid.
855 1552 879 1576 a
901 1553 923 1575 r
948 1538 1031 1588 pr)
1060 1541 1115 1626 inp
1132 1538 1216 1575 timu
1249 1552 1280 1587 φ
1301 1539 1368 1588 ky
1400 1533 1512 1588 Pphs
1538 1535 1701 1587 Porplz!

162 1632 288 1667 infimi-i
317 1633 332 1669 l
362 1631 398 1665 in
431 1627 840 1681 phymum19[Bland.
871 1627 981 1683 4(?)]
1014 1631 1050 1666 in
1049 1600 1203 1678 mphlzmil
1215 1641 1238 1667 σ
1268 1632 1397 1678 infimi-1
1427 1638 1461 1680 ψ
1491 1630 1701 1676 inphirgum

161 1702 183 1726 r
215 1700 321 1726 corr.
354 1689 391 1725 in
428 1700 586 1737 pyrgum
618 1701 635 1725 ε
667 1701 754 1725 tear.
787 1686 826 1735 (v
845 1687 876 1736 2)
896 1700 922 1736 y
951 1689 988 1725 in
1019 1690 1163 1738 pirgum
1195 1701 1226 1737 φ
1254 1700 1270 1726 2
1301 1701 1388 1726 παν.
1413 1688 1462 1739 (9)
1451 1685 1703 1739 )[‘scribitur

160 1749 192 1794 85·
226 1741 342 1791 φιμὸς
377 1747 415 1780 in
449 1746 469 1782 1
511 1747 593 1783 cod.
635 1746 794 1782 Bland?
835 1741 998 1795 Cruqu.]
1038 1750 1082 1788 cr.
1117 1747 1236 1784 schol.
1277 1747 1457 1784 Aeschm.
1497 1746 1510 1782 Ι
1549 1744 1624 1793 59,
1657 1745 1701 1783 9:

158 1802 174 1823 ς
185 1801 296 1848 φιμοὶ
327 1800 365 1837 οἵ
391 1798 614 1848 καλούμενοι
645 1803 776 1848 κημοί,
808 1800 860 1842 εἰς
890 1796 958 1843 οὓς
977 1798 1216 1851 ἐνεβάλλοντο
1246 1801 1286 1838 ὀἷ
1303 1800 1545 1850 ἀστράγαλοι’
1579 1803 1699 1840 schol.

160 1861 300 1898 quen.
326 1858 392 1907 14,
410 1859 455 1897 5:
479 1856 642 1910 Tritino]
671 1859 807 1905 pyxide
826 1871 961 1894 cornea
983 1861 1045 1906 qui
1069 1856 1184 1906 φιμός
1205 1862 1349 1896 Graece
1372 1861 1525 1896 dicitur'
1544 1859 1702 1895 ‘Fimum
1716 1870 1723 1875 ·

162 1918 262 1964 quod
293 1929 361 1951 nos
391 1916 556 1951 fritillum
587 1916 763 1950 dicimus’
802 1913 963 1964 Porph.'
1001 1914 1201 1968 ephimum]
1239 1930 1410 1964 pyrgum.
1443 1918 1505 1953 alii
1536 1917 1702 1952 fritillum

162 1971 316 2009 dicunt?
347 1974 442 2011 Aer.
536 1974 585 2012 18
617 1970 735 2024 pauit]
769 1974 887 2022 patuit
917 1986 935 2011 ε
1021 1974 1135 2012 isdem
1166 1976 1204 2012 F
1222 1987 1259 2012 a.
1282 1987 1363 2012 ras.
1387 1987 1405 2012 ε
1426 1975 1464 2023 (a
1485 1989 1510 2024 9
1531 1988 1553 2012 r
1572 1986 1589 2011 2
1610 1987 1698 2012 uar.

162 2039 195 2068 et
221 2030 248 2082 β
277 2045 314 2069 a.
348 2030 446 2078 ras.)
478 2030 572 2067 idem
603 2032 682 2080 Εγ
702 2031 723 2067 λ
744 2032 836 2078 Fp.
868 2042 948 2068 ras.
980 2030 1019 2079 (ν
1046 2040 1069 2067 σ
1089 2045 1111 2068 r
1132 2038 1165 2067 ct
1184 2031 1210 2082 β
1235 2045 1277 2080 p.
1301 2044 1382 2070 ras.
1406 2031 1549 2080 Fran.)
1579 2032 1660 2068 iad&
1689 2033 1702 2068 l

161 2089 291 2134 ijsdem
320 2100 347 2136 3]
370 2084 487 2138 [omn.
520 2089 663 2125 Bland.
697 2083 759 2138 (?)]
775 2085 929 2152 ‘idem]
966 2087 1210 2124 Volanerius'
1240 2091 1356 2139 9loss.
1392 2089 1431 2125 Γ
1516 2089 1567 2127 19
1600 2089 1702 2125 uiciis

163 2159 180 2183 ε
276 2141 414 2196 leuius]
446 2150 502 2182 est
532 2145 661 2182 melius
691 2145 729 2181 F
745 2139 786 2181 λ’
889 2150 991 2183 tanto
1021 2142 1158 2196 leuius]
1191 2151 1294 2180 tanto
1326 2147 1445 2181 minus
1477 2151 1514 2181 et
1542 2148 1601 2181 uel
1631 2151 1702 2179 tam

164 2202 324 2237 nobilius
355 2202 511 2240 PeerIlc.
615 2213 655 2238 ae
685 2202 785 2251 prior
814 2203 853 2239 F
869 2197 908 2240 λ’
917 2215 934 2240 ε
955 2214 971 2240 2
993 2203 1042 2251 (6)
1074 2205 1191 2246 acrior
1221 2205 1260 2241 E
1276 2216 1300 2253 γ
1321 2217 1339 2241 ε
1360 2215 1374 2241 1
1394 2203 1433 2252 (ν
1455 2217 1478 2241 α
1499 2217 1523 2253 9
1544 2217 1566 2240 r
1585 2215 1601 2241 2
1623 2210 1656 2238 et
1676 2201 1702 2269 β

163 2260 286 2294 acrius
308 2273 330 2295 r
351 2258 380 2307 1)
466 2259 528 2296 ille
559 2256 617 2296 Ω
640 2271 663 2303 ς
709 2258 773 2295 illo
804 2271 836 2307 φ
856 2271 873 2297 2
894 2272 981 2297 uar.
1012 2260 1048 2308 (σ
1069 2274 1157 2298 uar.
1182 2268 1215 2296 et
1235 2260 1261 2311 β
1281 2261 1311 2308 2)
1345 2257 1377 2312 [³
1390 2261 1512 2296 acrior
1542 2260 1615 2297 ille.
1654 2261 1704 2295 sic

163 2318 297 2364 legitur
326 2318 363 2351 in
391 2317 563 2354 omnebus
583 2319 741 2364 scriptis
764 2322 931 2364 praeter
954 2318 975 2354 1
1000 2318 1167 2356 Bland)
1192 2315 1357 2369 Cruqu.]
1449 2318 1504 2357 20
1531 2320 1665 2355 i·1m‚.
1692 2347 1699 2354 .

162 2376 231 2411 iam
254 2370 293 2410 λ’
322 2373 358 2421 (σ
383 2386 408 2422 9
429 2380 461 2409 ct
483 2373 623 2421 Fran.)
652 2375 772 2411 schol.
795 2373 835 2409 Γ
866 2376 934 2411 iam
952 2403 961 2411 .
978 2404 987 2412 .
1008 2404 1016 2412 .
1037 2387 1142 2424 quam
1157 2388 1181 2425 γ
1196 2387 1214 2412 ε
1235 2376 1272 2423 (ν
1290 2387 1299 2413 1
1324 2381 1365 2414 ut
1385 2378 1462 2414 uid.
1487 2375 1525 2423 a)
1548 2381 1619 2412 tam
1638 2403 1645 2411 .
1664 2403 1673 2412 .
1692 2403 1700 2411 .

164 2443 269 2480 quam
292 2432 330 2467 F
341 2444 365 2481 y
381 2443 468 2468 aar.
491 2430 530 2478 (v
546 2443 568 2467 r
588 2438 621 2467 et
634 2430 660 2481 β
677 2431 701 2468 3
720 2430 878 2478 Bland.)
899 2432 933 2468 isi
954 2438 1128 2470 contento
1151 2432 1236 2481 (om.
1254 2435 1421 2471 alterum
1442 2432 1525 2479 iam)
1548 2434 1585 2469 E
1604 2431 1702 2466 ‘Iam

165 2489 222 2522 hic
243 2487 316 2536 (hic
336 2488 404 2522 iam
426 2487 458 2535 ε)
480 2487 633 2522 ‘modo'
658 2487 944 2532 intellegendum
964 2490 1069 2523 modo
1092 2490 1172 2524 laxo
1195 2491 1299 2524 modo
1322 2489 1519 2525 contento’
1534 2483 1634 2527 Acr-

165 2547 227 2594 qui
257 2541 485 2596 iam]'quam
516 2545 580 2591 qui
610 2546 870 2583 Doederlinus
964 2543 1158 2599 contento]
1193 2553 1404 2596 contempto
1436 2559 1454 2584 ε
1542 2547 1593 2584 21
1628 2559 1700 2580 non

165 2625 287 2669 dices,
320 2624 426 2659 hodie
457 2635 632 2670 quorsum
662 2625 818 2660 distinxit
838 2625 1070 2675 Doerinyius
1156 2623 1262 2677 haec]
1295 2610 1369 2664 11Ηὲ
1384 2627 1406 2664 λ
1495 2627 1547 2664 22
1579 2626 1702 2663 laudas

167 2683 205 2719 Ε
221 2695 245 2732 γ
265 2677 331 2719 λέ
352 2682 391 2719 F
407 2694 495 2719 uar,
518 2693 550 2728 φ
570 2693 587 2718 2
611 2677 649 2725 ς’
681 2682 805 2718 laudes
836 2683 915 2730 F9
1001 2682 1053 2722 23
1086 2685 1196 2732 antiq;
1219 2685 1257 2721 E
1341 2681 1397 2734 et]
1432 2688 1469 2718 at
1497 2684 1701 2721 Marklan-

126 2751 130 2755 ’
165 2741 238 2776 dus
355 2737 408 2775 24
440 2744 543 2788 agat,
578 2735 711 2789 usque]
752 2743 838 2783 agat
868 2751 988 2786 usque
1018 2742 1278 2778 Doederlinus
1308 2746 1413 2785 agat,
1452 2740 1505 2775 ire
1537 2743 1595 2776 uel
1625 2741 1702 2775 isse

165 2796 322 2833 Peerlk.
427 2795 479 2833 25
510 2796 662 2838 rectitus
693 2796 732 2832 E
831 2796 883 2835 26
915 2795 1025 2843 ‘quia
1055 2798 1092 2831 in
1123 2797 1356 2832 defendendo
1387 2802 1524 2833 rectum
1556 2810 1629 2832 non
1661 2810 1702 2832 es

167 2851 318 2886 firmus'
351 2848 511 2901 Porpks
549 2853 638 2887 ‘aut
667 2853 767 2899 quod
798 2865 870 2889 non
902 2854 955 2888 sit
984 2855 1111 2889 firmus
1142 2855 1188 2889 ad
1219 2867 1261 2889 ea
1291 2855 1430 2890 tuenda
1461 2866 1557 2902 quae
1587 2854 1700 2891 dicit’
