1890 3106
764 138 846 165 ΜΒ.
879 137 914 163 11
938 135 966 170 2,
992 134 1129 162 ιιι-199
1637 117 1721 161 323

297 259 463 294 naturae
493 252 591 293 deus
622 251 839 296 humanae,
871 246 1052 289 mortalis
1082 248 1124 287 in
1154 258 1277 287 unum

296 327 482 381 quodque
513 331 651 379 caput,
685 324 796 365 uoltu
828 320 1048 369 mutabilis,
1081 320 1197 362 albus
1228 326 1268 362 et
1298 325 1397 361 ater.

295 406 384 443 utar
417 406 455 442 et
487 413 535 441 ex
565 399 722 440 modico
754 403 944 451 quantum
974 409 1043 437 res
1071 400 1212 450 poscet
1242 407 1389 436 aceruo
1657 400 1723 433 190

295 475 449 526 tollam,
482 487 558 515 nec
588 478 760 514 metuam
792 472 886 526 quid
919 471 969 511 de
999 483 1063 511 me
1093 469 1240 510 iudicet
1269 469 1408 516 heres,

296 550 400 602 quod
432 562 512 590 non
542 548 657 601 plura
689 547 789 587 datis
819 546 1039 590 inuenerit;
1073 550 1112 584 et
1141 549 1275 584 tamen
1305 543 1413 584 idem

295 616 397 665 scire
428 622 580 669 uolam,
615 626 807 673 quantum
838 618 1008 672 simplex
1037 617 1254 669 hilarisque
1284 618 1420 670 nepoti

296 699 496 751 discrepet
527 702 566 737 et
596 700 788 748 quantum
819 693 1022 734 discordet
1050 704 1197 746 parcus
1228 703 1362 732 auaro.

295 773 414 813 distat
445 772 571 817 enim,
604 781 769 823 spargas
802 774 868 809 tua
898 767 1108 821 prodigus,
1142 779 1191 807 an
1222 777 1354 818 neque
1385 769 1586 819 sumptum
1656 771 1721 804 195

295 836 448 887 inuitus
478 845 599 886 facias
629 855 761 895 neque
792 842 907 896 plura
938 853 1080 895 parare
1111 840 1292 887 labores,

297 934 344 962 ac
374 921 524 973 potius,
557 931 658 973 puer
689 923 733 959 ut
763 918 872 958 festis
903 914 1216 969 Quinquatribus
1247 913 1368 962 olim,

298 996 442 1046 exiguo
472 1000 664 1047 gratoque
696 992 842 1033 fruaris
872 996 1053 1043 tempore
1084 990 1243 1043 raptim.

296 1070 507 1122 pauperies
536 1061 730 1108 inmunda
762 1066 902 1106 domus
932 1063 1072 1118 procul
1103 1063 1223 1104 absit:
1258 1075 1331 1116 ego
1362 1068 1502 1127 utrum?

181 1231 452 1260 TESTIMONIA.

275 1287 339 1320 189
365 1285 492 1318 ‘albus
519 1288 556 1318 et
581 1285 679 1317 ater’
704 1282 924 1325 florilegium
950 1280 1088 1314 Cusan.
1116 1278 1215 1325 [cod.
1243 1291 1340 1313 saec.
1368 1277 1458 1323 XII]
1571 1289 1631 1314 uu.
1660 1281 1725 1313 190

183 1333 301 1366 -196
324 1331 479 1374 florileg.
495 1328 730 1364 Nostradam.
824 1330 889 1361 190
913 1328 986 1361 iam
1011 1326 1125 1360 schol.
1144 1327 1174 1360 Γ
1198 1326 1342 1359 confert
1366 1325 1468 1359 Pers.
1488 1325 1520 1365 6,
1537 1326 1600 1358 22:
1626 1328 1727 1358 ‘utar

183 1389 268 1421 ego,
296 1380 401 1410 utar'
497 1377 561 1409 197
586 1374 809 1418 glossarium
832 1373 911 1406 Mai
938 1371 1101 1417 [classic.
1127 1375 1224 1405 auct.
1242 1373 1333 1405 VIII
1354 1368 1433 1415 23]:
1462 1369 1581 1403 ‘unde
1606 1371 1725 1404 Hora-

183 1425 258 1457 tius
282 1423 321 1456 in
346 1421 585 1466 epistolarum
601 1420 712 1453 libro:
739 1430 783 1452 ac
808 1420 931 1462 potius
956 1419 1064 1452 festis
1089 1427 1180 1461 puer
1201 1420 1243 1450 ut
1267 1416 1587 1460 quinquatribus’.
1627 1416 1726 1449 idem

186 1467 348 1513 [classic.
372 1470 473 1503 auct.
498 1467 588 1502 VIII
610 1464 711 1509 487J:
749 1465 868 1498 ‘unde
897 1465 1080 1498 Horatius
1109 1465 1149 1496 in
1180 1462 1366 1506 epistolis:
1398 1473 1447 1495 an
1478 1462 1602 1505 potius
1633 1472 1726 1505 puer

184 1515 294 1549 festis
326 1513 632 1557 quinquatribus'
799 1510 915 1546 schol.
941 1510 1081 1543 Lucan.
1113 1509 1275 1542 Berolin.
1299 1508 1318 1541 1
1343 1508 1427 1542 254:
1460 1507 1726 1541 ‘instituerunt

183 1559 366 1594 sacrificia
383 1560 575 1593 Mineruae
602 1568 668 1601 per
693 1557 854 1600 quinque
879 1556 976 1597 dies,
1004 1565 1096 1598 quos
1118 1554 1296 1588 Horatius
1326 1556 1438 1588 uocat
1462 1553 1724 1597 quinquatria'

274 1616 334 1642 uu.
361 1606 551 1639 198—213
576 1603 775 1646 florileg.
802 1601 1081 1637 Nostradam.

181 1763 313 1791 VARIA
344 1761 512 1790 LEc'rlo.

299 1819 379 1858 188
411 1829 559 1857 comma
588 1830 659 1852 non
681 1822 766 1852 ante
786 1814 1010 1864 ‘mortalis’,
1031 1818 1091 1851 sed
1110 1821 1190 1862 post
1211 1813 1420 1851 ‘mortalis’
1441 1826 1527 1861 pon.
1551 1813 1724 1852 Doeder-

182 1881 286 1915 linus
315 1889 396 1923 opp.
430 1876 539 1914 codd.
649 1869 830 1923 mortalis]
862 1872 1074 1906 immortalis
1105 1872 1353 1920 Hartunyius
1381 1873 1429 1909 de
1458 1872 1726 1909 Romanorum

184 1936 367 1984 religione
388 1933 401 1969 1
423 1932 476 1971 34
506 1930 710 1967 mortalium
732 1930 1025 1967 Schoemannus
1045 1928 1168 1963 fatalis
1190 1929 1426 1966 Ribbeckius
1515 1928 1596 1966 189
1619 1928 1725 1966 uoltu

183 1993 222 2029 F
240 1987 279 2027 λ’
296 1987 338 2028 δ’
347 2003 373 2039 y
395 1985 604 2041 [ammom]
638 1987 744 2024 uultu
765 1987 804 2024 Ε
824 1982 875 2031 ς”
896 1979 1008 2034 ΡρΙι.’
1095 1984 1276 2022 motabilis
1307 1986 1346 2022 E
1429 1985 1523 2019 alter
1546 1986 1574 2022 d
1587 1989 1682 2033 pr.?
1699 1998 1727 2034 y

185 2045 310 2100 [Lips.
342 2054 376 2083 et
404 2049 708 2096 supplementum
738 2045 881 2082 codicis
908 2040 950 2094 y]
1043 2042 1126 2081 190
1156 2055 1176 2077 e
1197 2041 1338 2077 modico
1366 2043 1530 2091 florileg).
1561 2042 1724 2080 Nostra-

183 2107 281 2143 dam.
370 2109 499 2154 poscet
528 2098 670 2146 Ω”ς”
700 2103 789 2150 flor.
820 2101 952 2138 Nostr.
984 2099 1105 2147 poscit
1135 2107 1159 2135 σ
1189 2099 1310 2145 possit
1338 2094 1452 2146 Pph!
1473 2095 1635 2147 Porph!

188 2163 264 2200 191
297 2157 441 2212 tollam]
473 2160 563 2198 Tolzi
585 2159 605 2196 λ
722 2157 802 2196 192
834 2157 931 2203 Quot
960 2169 991 2204 φ
1108 2156 1206 2206 quod
1237 2152 1330 2207 nou]
1362 2155 1455 2201 Quid
1477 2156 1516 2192 E
1532 2166 1546 2192 1

297 2219 377 2257 193
398 2218 572 2257 REDIT
588 2211 742 2259 1),·ῼ”
763 2231 819 2246 =
839 2210 1030 2266 DJEFA'
1048 2213 1083 2261 (λ,
1096 2213 1125 2262 l)
1145 2207 1186 2251 δ’
1208 2210 1247 2260 (ὃ
1261 2212 1322 2260 d),·
1355 2209 1407 2257 ς”
1427 2226 1486 2245 =
1505 2216 1576 2250 aut
1595 2224 1725 2252 omnes

186 2278 294 2314 codd.
316 2268 360 2326 β’
381 2274 421 2326 (β
442 2273 583 2323 Fran.)
607 2287 631 2310 v
651 2269 698 2309 π’
719 2272 762 2320 (π
782 2272 902 2321 Lips.)
923 2280 946 2308 σ
968 2285 992 2310 α
1010 2285 1035 2321 y
1056 2284 1078 2308 r
1098 2284 1123 2308 v
1153 2270 1238 2319 (dl)
1269 2275 1336 2308 aut
1367 2271 1505 2308 horum
1534 2271 1644 2308 codd.
1676 2281 1725 2308 ea

179 2345 280 2382 pars
312 2345 364 2371 ex
394 2333 532 2382 quibus
562 2343 639 2369 non
671 2331 773 2368 aliae
801 2332 986 2367 lectiones
1014 2332 1202 2366 notantur
1212 2345 1223 2371 ‚-
1255 2339 1351 2372 5=
1373 2332 1442 2365 aut
1463 2338 1593 2365 omnes
1613 2329 1723 2365 codd.

185 2403 207 2426 ν
228 2400 252 2427 σ
272 2403 296 2427 α
316 2402 340 2438 q
361 2402 384 2426 r
403 2403 427 2426 v
448 2389 489 2437 (d
506 2388 533 2437 l)
556 2393 624 2426 aut
653 2388 790 2425 horum
809 2387 917 2424 codd.
941 2397 988 2424 ea
1011 2397 1115 2434 pars
1145 2396 1197 2424 ex
1218 2385 1355 2434 quibus
1374 2396 1450 2423 non
1472 2387 1575 2422 aliae
1594 2386 1727 2423 lectio»

185 2459 254 2486 nes
284 2451 470 2485 notantur
838 2455 843 2458 ·

301 2504 381 2542 193
404 2503 524 2541 uolam
544 2498 676 2546 Ω”ς”
696 2497 812 2548 Pph!
829 2502 918 2549 flor.
944 2500 1073 2539 Noslr.
1096 2500 1180 2534 uolo
1200 2513 1224 2549 9
1246 2499 1351 2534 uelim
1371 2511 1396 2547 9
1472 2498 1552 2536 194
1575 2499 1689 2547 qufitfi
1706 2498 1726 2534 λ

301 2560 381 2599 195
402 2561 500 2597 Dista
520 2561 558 2597 Ε
578 2570 591 2596 1
685 2554 764 2609 tua]
789 2570 860 2595 om.
884 2558 923 2594 E
1016 2557 1095 2595 196
1118 2568 1186 2591 nec
1203 2557 1291 2604 flor.
1316 2556 1447 2594 Nostr.
1550 2556 1629 2593 197
1661 2567 1725 2604 po-

186 2621 263 2656 cius
293 2619 329 2656 D
425 2617 505 2655 198
528 2617 655 2654 fruatis
677 2616 715 2652 Ε
813 2614 893 2652 199
924 2613 1095 2651 inmunda
1116 2614 1151 2651 D
1172 2614 1211 2651 Ε
1227 2614 1267 2651 Ε
1282 2609 1376 2658 ὃ’ς’
1398 2611 1447 2661 (et
1466 2611 1606 2660 Fran.)
1635 2603 1723 2659 sloh.

187 2688 317 2725 Nostr.
348 2685 532 2723 immunda
552 2681 589 2722 λ’
613 2684 661 2733 (ει
684 2682 723 2734 β)
743 2683 845 2718 dea
863 2696 888 2733 9
967 2682 1096 2722 domus
1117 2681 1245 2731 procul
1267 2682 1359 2719 absit
1379 2681 1415 2718 D
1429 2681 1468 2717 Ε
1485 2682 1524 2718 F
1540 2692 1557 2717 2
1578 2679 1598 2716 λ
1618 2691 1635 2718 2
1656 2685 1725 2719 aut

188 2756 291 2782 corr.
313 2741 336 2780 ὃ
358 2755 374 2780 2
393 2741 433 2793 (β
441 2735 479 2780 ’ν
500 2750 522 2778 σ
540 2755 563 2779 α
584 2755 607 2791 9
627 2744 640 2779 l
662 2754 684 2778 r
705 2753 730 2778 v
751 2748 784 2777 et
803 2751 833 2776 π
852 2751 869 2777 2
888 2738 1008 2788 Lips.)
1038 2739 1187 2789 procul,
1219 2739 1367 2777 omissis
1394 2738 1523 2775 domus
1552 2742 1589 2775 et
1617 2737 1724 2785 absit,

193 2801 251 2837 F'l
272 2800 293 2837 λ
314 2811 326 2837 1
348 2805 416 2838 aul
435 2813 499 2849 pr.
525 2796 568 2836 δ’
590 2798 638 2847 (et
666 2810 694 2835 π
718 2797 744 2846 1)
775 2797 905 2843 procui
931 2797 1059 2832 domus
1097 2797 1196 2830 absit
1224 2809 1250 2845 9
1282 2792 1386 2847 [cod.
1418 2796 1504 2832 coll.
1532 2790 1660 2846 Trim]
1693 2807 1724 2832 ω

185 2859 274 2905 flor.
306 2858 436 2896 Nostr.
468 2857 743 2896 Stalcbaumius
771 2854 876 2890 modo
907 2854 1036 2901 procul
1067 2854 1165 2889 absit
1190 2853 1223 2891 I.
1245 2853 1301 2892 M·
1327 2853 1523 2891 Gesnerus
1548 2854 1727 2900 probante
