1890 3106
235 168 320 210 370
703 182 862 210 nonA‘rx
893 183 948 209 DE
979 182 1087 209 ARTE
1118 182 1300 210 POETIOA

349 296 405 334 sic
436 295 577 334 animis
609 299 743 333 natum
775 294 1059 346 inuentumque
1090 306 1230 346 poema
1262 294 1465 338 iuuandis,

348 369 379 407 si
411 367 567 420 paulum
601 380 756 407 summo
788 366 975 413 decessit,
1009 369 1138 419 uergit
1169 367 1216 407 ad
1247 368 1384 408 imum.

349 441 486 481 ludere
518 441 583 494 qui
616 442 761 487 nescit,
795 440 1083 493 campestribus
1114 439 1283 481 abstinet
1313 442 1452 487 armis,

348 514 612 566 indoctusque
643 515 745 567 pilae
776 515 927 555 disciue
959 515 1138 555 trocliiue
1170 516 1355 566 quiescit,
1699 522 1768 554 380
1821 555 1828 562 ,

351 601 400 628 ne
431 590 582 642 spissae
614 590 738 629 risum
767 588 906 629 tollant
934 589 1096 641 impune
1127 601 1316 629 coronae:

348 663 415 715 qui
445 664 570 703 nescit
601 675 741 703 uersus
774 668 902 703 tamen
934 662 1053 702 audet
1082 663 1244 713 fingere.
1291 663 1475 716 ‘quidni'3

349 736 450 776 liber
482 742 520 776 et
550 728 1035 789 ingenuus,'praesertim
1069 749 1208 776 census
1240 742 1463 788 equestrem

351 823 545 850 summam
579 808 850 855 nummorum,
884 811 1059 868 uitioque
1090 814 1266 857 remotus
1296 810 1345 850 ab
1377 811 1521 850 omni’.

347 889 386 922 tu
420 883 515 923 nihil
546 885 668 923 inuita
701 884 809 924 dices
840 884 1012 923 faciesne
1044 883 1240 922 Minerua:
1697 888 1763 920 385

346 957 383 996 id
418 957 489 996 tibi
521 957 766 1004 indiciumst„
800 950 843 997 eh
877 969 1010 1002 mens;
1043 956 1168 1008 siquid
1203 961 1332 996 tannen
1365 956 1457 996 olim

351 1032 580 1083 scripseris,
614 1032 651 1070 in
684 1031 807 1070 Maeci
839 1030 1054 1070 descendat
1084 1030 1223 1070 indicis
1254 1031 1361 1070 auris

350 1111 388 1144 et
419 1106 542 1156 patris
574 1111 612 1144 et
643 1110 817 1151 nostras,
851 1117 1080 1157 nonumque
1111 1109 1315 1156 prematur
1346 1105 1385 1143 in
1419 1116 1587 1150 annum,

233 1243 503 1270 TESTIMONIA.

323 1299 387 1330 377
417 1295 593 1341 [Probus]
621 1297 666 1329 de
690 1297 831 1330 ultimis
856 1297 1011 1339 syllabis
1036 1307 1069 1339 p.
1095 1297 1161 1330 223
1186 1297 1231 1329 K.
1370 1297 1436 1328 382
1461 1295 1576 1331 schol.
1601 1296 1633 1329 Γ
1657 1296 1766 1339 epist.

237 1342 273 1375 11
301 1344 338 1383 1,
366 1345 446 1376 117:
480 1346 543 1375 ‘ut
568 1343 612 1375 in
638 1346 734 1375 arte
760 1344 962 1385 poetica:
988 1344 1049 1384 qui
1074 1360 1115 1365 —-
1142 1342 1301 1382 fingere'
1335 1341 1489 1384 florileg.
1516 1341 1768 1375 Nostradam.=

237 1389 320 1430 ‘qui
344 1407 388 1412 —
412 1388 572 1430 fingere’
700 1388 766 1421 385
791 1389 899 1430 ‘quia
925 1391 1024 1420 esset
1049 1387 1247 1420 obseruare
1274 1386 1374 1418 rudis
1399 1387 1539 1419 animos
1564 1387 1630 1419 sub
1656 1386 1768 1430 uulpe

232 1433 416 1475 latentes,
443 1434 569 1466 horum
595 1434 656 1476 qui
681 1434 793 1466 nichil
820 1434 940 1466 inuita
964 1434 1091 1465 dIcant
1117 1432 1308 1465 faciantne
1332 1431 1523 1465 Minerua’
1549 1431 1700 1464 Reineri
1725 1430 1769 1464 de

233 1479 384 1521 ineptiis
409 1479 598 1511 cuiusdam
623 1479 762 1511 idiotae
789 1479 939 1511 libellus
968 1477 1103 1521 [Pertz.
1129 1489 1285 1510 monum.
1313 1476 1434 1509 Germ.
1461 1477 1524 1510 SS.
1550 1476 1615 1509 XX
1642 1475 1725 1520 593]

323 1526 388 1558 388
415 1524 668 1566 Quintilianus
694 1525 855 1566 praefat.
881 1524 928 1556 ad
953 1523 1185 1566 Tryphonem
1210 1524 1229 1562 ἓ
1256 1525 1292 1555 2:
1327 1525 1437 1555 ‘usus
1468 1522 1601 1555 deinde
1633 1522 1765 1555 Horati

233 1569 407 1611 consilio,
434 1571 497 1612 qui
522 1571 565 1602 in
591 1573 687 1602 arte
714 1570 899 1612 poetica
925 1569 1075 1607 suadet,
1107 1579 1152 1600 ne
1179 1568 1449 1610 praecipitetur
1478 1567 1591 1600 editio
1615 1577 1764 1600 nonum-

232 1720 362 1747 VARIA
391 1719 557 1747 LEGTIO.

231 1790 326 1812 cons.
362 1773 415 1820 ‘3¹'
531 1787 615 1812 cena
650 1775 680 1811 C
697 1772 719 1811 ὃ
740 1789 764 1812 u
784 1778 948 1824 florileg).
975 1775 1221 1811 Nostradam.
1253 1784 1340 1822 cena
1372 1778 1459 1810 cell.
1566 1768 1664 1823 istis]
1696 1770 1767 1806 illis

232 1847 257 1882 y
288 1847 357 1880 opp
401 1835 504 1868 ctiam
533 1835 697 1881 florileg).
731 1833 976 1869 Nostradam.
1094 1830 1174 1868 377
1207 1831 1344 1866 animus
1377 1830 1412 1865 Β
1443 1836 1475 1864 ct
1505 1833 1547 1866 ut
1576 1830 1653 1866 uid.
1677 1829 1706 1865 C

234 1890 359 1940 natus]
392 1891 436 1936 C,
469 1892 610 1927 lineola
642 1895 765 1936 supra
797 1901 819 1925 u
851 1891 899 1925 ab
931 1890 997 1925 alt.
1028 1900 1145 1924 manu
1249 1886 1328 1923 378
1359 1886 1504 1934 paulum
1524 1881 1654 1928 Ω’ς”
1682 1887 1769 1935 flor.

235 1947 370 1985 Nostr.
460 1958 479 1979 a
510 1957 647 1980 summo
669 1947 877 1983 Lambinus
905 1958 986 1992 opp.
1017 1945 1121 1980 etiam
1153 1945 1262 1980 codd.
1284 1944 1423 1980 Biana.
1451 1944 1539 1991 flor.
1562 1942 1693 1979 Nostr.

235 2003 394 2040 decessit
416 1996 541 2047 ,Ω’ς”
564 2003 611 2051 (et
633 2005 741 2040 codd.
763 2001 922 2050 Blcmd.)
950 2001 1167 2048 discessity
1194 2003 1280 2048 flor.
1305 2000 1433 2037 Nostr.
1455 1997 1704 2036 Lambinus‘
1712 2011 1770 2033 re-

237 2061 418 2094 cesserit’
442 2062 591 2106 interpr.
615 2061 705 2097 Acr.
794 2060 913 2108 pergit
933 2059 968 2094 B
991 2058 1030 2106 C
1061 2068 1180 2104 Super
1182 2068 1259 2094 scr.
1293 2058 1378 2092 ead.
1409 2068 1456 2092 m
1487 2056 1503 2091 1*
1531 2056 1649 2103 vergit
1680 2055 1710 2092 C

235 2117 324 2154 380
355 2113 526 2167 quiescit]
560 2117 674 2154 nescit
705 2114 728 2151 d
750 2127 759 2152 ι
879 2115 957 2153 381
992 2116 1107 2163 spisse
1137 2127 1160 2163 y
1183 2124 1193 2150 1
1293 2114 1426 2161 i1pune
1457 2112 1487 2149 0
1503 2112 1542 2148 F
1560 2111 1581 2147 λ
1603 2107 1626 2146 δ
1645 2123 1671 2149 u
1691 2109 1731 2159 (ν
1749 2119 1772 2147 σ

233 2186 258 2210 υ
289 2181 322 2208 ct
342 2172 368 2223 β
400 2186 494 2209 cons.
517 2170 559 2222 π)
593 2175 738 2221 impune
769 2186 792 2222 y
813 2172 847 2219 (τ
869 2185 891 2208 α
914 2185 936 2208 ν
963 2179 995 2207 et
1016 2172 1137 2208 Fran.
1159 2183 1254 2206 cons.
1275 2172 1288 2207 l
1316 2175 1348 2204 et
1367 2167 1487 2216 Lips)
1516 2170 1627 2216 ipune
1658 2167 1696 2204 B

237 2229 318 2267 382
354 2242 483 2267 uersus
516 2225 643 2273 ῼ’ς”
663 2231 780 2266 schol.
805 2228 844 2264 Γ
866 2231 974 2276 epist.
997 2228 1024 2263 ll
1049 2228 1069 2264 1
1095 2231 1252 2264 tractat.
1286 2227 1392 2264 Vinci.
1412 2227 1499 2274 flor.
1523 2225 1652 2262 Nostr.
1685 2235 1769 2259 uer-

234 2321 312 2343 sum
344 2322 369 2345 v
390 2322 416 2358 y
541 2309 621 2346 383
653 2289 808 2357 ingeniis
830 2309 867 2344 B
953 2308 1145 2355 presertim
1175 2320 1200 2356 γ
1285 2310 1454 2354 equestre
1475 2304 1512 2340 B
1542 2307 1713 2352 equestre?
1729 2300 1766 2350 G,

232 2368 376 2403 lineola
410 2378 531 2413 supra
564 2377 583 2402 c
615 2379 637 2402 α
662 2377 686 2402 1.
708 2379 755 2402 m.
789 2366 944 2402 uidetur
974 2373 1055 2400 esse
1173 2362 1253 2401 384
1285 2363 1378 2398 nicio
1410 2362 1430 2397 λ
1546 2360 1626 2398 385
1660 2359 1767 2397 nichil

233 2435 257 2459 u
289 2423 328 2458 ni
358 2423 394 2458 B
484 2422 637 2459 faciesne
659 2423 696 2458 B
714 2423 743 2459 C
763 2424 800 2459 F
817 2417 857 2456 λ’
875 2418 896 2456 ὁ
919 2433 1023 2458 corr.
1048 2433 1072 2458 u
1093 2415 1159 2469 (π’
1169 2427 1192 2455 σ
1213 2432 1234 2455 r
1254 2431 1279 2455 v
1300 2425 1333 2453 et
1353 2430 1452 2455 omn.
1476 2419 1584 2454 codd.
1609 2415 1768 2464 Cruqu.)

231 2481 325 2516 Acr.
359 2484 516 2516 tractat.
553 2480 758 2516 deobon.
790 2479 971 2526 faciesque
1003 2473 1024 2510 d
1049 2490 1114 2524 pr.
1143 2470 1201 2525 (β
1211 2489 1237 2512 ν
1256 2488 1276 2511 τ
1298 2475 1336 2520 a)
1367 2475 1544 2522 fatiesque
1573 2485 1597 2522 y

233 2536 314 2573 386
337 2535 469 2572 iudicii]
490 2540 566 2572 ste·1
583 2536 620 2571 Β
639 2535 804 2572 iuditium
827 2539 884 2570 est
905 2546 945 2572 ea
967 2534 996 2570 C
1010 2546 1039 2580 φ
1062 2547 1086 2571 u
1103 2533 1140 2581 (σ
1161 2540 1191 2568 et
1212 2530 1251 2581 β)
1281 2531 1451 2568 iudicium
1473 2535 1528 2566 est
1548 2540 1587 2566 ea
1610 2533 1697 2566 cett.
1706 2520 1767 2571 ς’

234 2591 406 2626 iudicium
429 2604 468 2626 es
491 2603 532 2626 ea
553 2605 579 2628 v
610 2592 781 2626 iudicium
811 2595 911 2634 esto,
944 2601 987 2624 ea
1007 2591 1089 2626 Fece
1177 2588 1258 2626 387
1290 2593 1417 2625 utrum
1447 2586 1558 2622 maeel
1578 2598 1629 2622 an
1660 2585 1766 2621 mileti

232 2649 374 2685 habeat
404 2649 441 2685 B
471 2661 545 2685 non
582 2650 700 2696 liquet
731 2648 839 2684 maeei
873 2648 933 2692 C1
962 2652 1002 2683 ut
1032 2648 1107 2683 uid.
1138 2645 1158 2681 λ
1186 2657 1229 2692 p.
1257 2656 1337 2681 ras.
1367 2644 1465 2691 Ppk.
1493 2642 1639 2689 Por-ph.
1670 2654 1766 2678 cons.

233 2707 409 2752 inscript.
434 2708 624 2742 uetustzmss
658 2706 780 2741 maecii
796 2705 817 2741 λ
839 2717 876 2740 α.
899 2714 978 2740 ras.
1002 2700 1024 2738 ὃ
1054 2703 1155 2739 mecii
1175 2714 1199 2751 γ
1221 2702 1259 2738 F
1274 2698 1299 2737 δ
1319 2711 1329 2737 1
1349 2701 1364 2737 ⁴?
1394 2700 1479 2736 meti
1500 2710 1524 2734 u
1555 2699 1662 2746 metij
1683 2697 1713 2735 0

233 2760 427 2797 descendas
459 2761 478 2797 λ
497 2773 560 2807 pr.
584 2766 740 2798 tractat.
775 2762 978 2799 Veredobon
1079 2760 1174 2795 nuris
1206 2759 1242 2794 Β
1262 2753 1324 2803 (π’
1335 2770 1357 2793 α
1378 2755 1456 2803 pr.)
1477 2768 1502 2802 y
1525 2750 1762 2804 [Montepes-

234 2813 325 2865 sub]
358 2829 460 2853 :iures
494 2814 593 2854 cell!
605 2814 644 2861 ς’
667 2818 711 2865 (el
733 2818 836 2865 Lips.
861 2816 981 2862 corr.)
1099 2815 1178 2852 388
1209 2821 1286 2860 post
1317 2823 1448 2848 annum
1474 2815 1660 2858 punctum
1680 2823 1764 2857 pon,

234 2884 265 2909 ω
297 2880 379 2908 ame
409 2875 626 2911 Bentleium
657 2874 708 2922 (et
738 2875 846 2911 codd.
879 2873 1046 2921 quidam)
