1890 3106
824 170 891 197 vv,
922 163 1060 190 287-311
1625 152 1710 195 359

284 282 436 321 tonsori
466 280 603 322 Licino
635 282 891 322 commiserit.
953 294 976 320 0
1009 293 1082 333 ego
1114 281 1270 328 laeuos,

283 356 349 406 qui
379 368 530 408 purgor
562 354 682 396 bilem
713 355 786 396 sub
819 356 932 396 uerni
964 356 1156 407 temporis
1185 355 1345 396 horam!

282 441 363 469 non
394 430 495 470 alius
523 429 674 476 faceret
705 429 870 470 meliora
900 434 1103 483 poemata:
1135 441 1276 470 uerum

282 504 337 543 nil
370 504 523 544 tantist:
557 515 652 556 ergo
684 504 826 555 fungar
858 504 946 544 uice
977 505 1095 550 cotis,
1128 508 1286 544 acutum
1355 498 1365 506 ”

281 577 452 618 reddere
483 589 584 629 quae
615 578 765 618 serrum
799 577 903 618 ualet
934 589 1071 617 exsors
1100 578 1187 630 ipsa
1217 577 1396 623 secandi;
1641 583 1708 615 305

281 664 427 692 munus
459 656 498 691 et
528 652 720 698 officium,
754 650 807 690 nil
839 651 1022 690 scribens
1052 651 1157 702 ipse,
1191 651 1365 698 docebo,

282 725 386 766 unde
417 731 608 778 parentur
638 738 757 778 opes,
791 725 883 777 quid
917 724 993 764 alat
1023 725 1247 778 formetque
1279 730 1459 777 poetam,

280 799 372 852 quid
405 800 564 845 deceat,
597 800 689 852 quid
723 811 815 845 non,
848 812 926 852 quo
958 800 1096 846 uirtus,
1131 811 1209 850 quo
1241 800 1343 839 serat
1374 812 1503 857 error.

280 874 482 914 scribendi
514 878 622 914 recte
652 873 862 927 *saperest
894 880 932 913 et
961 874 1201 926 principium
1234 879 1274 914 et
1303 874 1412 918 sons;

280 961 366 988 rem
398 947 470 988 tibi
501 948 728 988 Socraticae
759 952 946 1000 poterunt
978 947 1191 987 ostendere
1224 947 1408 993 chartae,
1639 955 1706 986 310

281 1021 481 1075 uerbaque
513 1023 714 1075 prouisam
746 1035 830 1062 rem
862 1034 942 1062 non
973 1023 1096 1061 inuita
1128 1027 1358 1074 sequentur.

168 1161 437 1189 TESTIMONIA.

255 1217 323 1249 304
339 1226 392 1259 sq.
420 1217 591 1259 ‘Fungar
614 1234 659 1239 —-
683 1214 851 1255 secandi'
879 1214 1033 1258 florileg.
1051 1215 1305 1255 Nostradam.;
1333 1216 1575 1250 Hildebertus
1601 1218 1711 1260 epist.

165 1261 230 1294 lib.
257 1263 276 1295 Ι
305 1262 343 1296 8:
378 1264 641 1304 ‘nouimusque
667 1264 815 1304 poetam
840 1261 947 1304 fungi
971 1261 1053 1294 uice
1085 1279 1128 1284 —-
1154 1261 1322 1294 secandi’
1355 1263 1404 1296 cf.
1436 1263 1568 1295 Emisii
1601 1265 1709 1305 epist.

164 1307 264 1340 inter
288 1307 396 1350 epist.
423 1319 451 1340 s.
477 1308 639 1340 Thomae
666 1307 933 1340 Cantuarensis
960 1304 1052 1350 [1111
1077 1319 1111 1350 p.
1130 1308 1195 1340 201
1222 1304 1371 1351 Giles.]:
1400 1308 1597 1351 ‘numquid
1620 1311 1709 1341 tune

168 1353 424 1395 fungebamini
448 1353 532 1386 uice
560 1353 654 1386 cotis
680 1371 725 1377 —
751 1353 949 1386 secandi?'
976 1353 1136 1385 Ioannes
1161 1352 1457 1387 Saresberiensis
1492 1354 1599 1397 epist.
1627 1355 1708 1387 179:

167 1397 340 1441 ‘lyricum
367 1423 375 1431 .
401 1422 410 1431 .
436 1428 443 1435 ,
468 1399 643 1432 imitabor
668 1399 826 1441 fungens
851 1399 931 1430 uice
957 1398 1052 1430 cotis
1076 1416 1121 1422 —-
1146 1398 1321 1431 secandi’
1445 1401 1512 1433 305
1537 1402 1707 1432 ‘exsors'

163 1443 300 1476 incerti
317 1447 492 1487 excerpta
510 1445 719 1488 argumenti
741 1444 973 1487 grammatici
990 1444 1009 1483 ξ
1026 1444 1069 1476 26
1086 1455 1120 1486 p.
1137 1445 1203 1477 207
1222 1444 1278 1476 ed.
1297 1444 1466 1480 Eichenf.
1486 1448 1524 1478 et
1541 1445 1707 1478 Endlich.

166 1490 230 1530 (ef.
258 1490 306 1522 ad
331 1500 390 1522 uu.
409 1492 463 1523 20.
489 1491 572 1529 224)
670 1491 736 1522 309
761 1489 943 1532 florilegia
967 1489 1141 1524 Nostrad.
1167 1492 1206 1522 et
1232 1490 1438 1531 Cusanum,
1465 1490 1535 1523 hoo
1560 1501 1604 1524 ex
1621 1491 1708 1524 Por—

165 1535 283 1578 phyr„
308 1546 382 1568 non
407 1547 452 1568 ex
476 1535 566 1568 Hor.
649 1537 712 1568 311
741 1535 898 1575 Quintil.
926 1535 1014 1568 inst.
1030 1535 1049 1567 Ι
1066 1536 1104 1575 5,
1122 1536 1142 1567 2
1230 1535 1277 1568 ef.
1305 1535 1456 1569 Asinius
1472 1535 1592 1569 Pollio
1611 1536 1708 1580 apud

164 1580 341 1624 Porphyr.
368 1581 416 1613 ad
440 1581 475 1618 h.
502 1590 555 1615 u.:
583 1580 699 1613 ‘male
725 1580 877 1614 hercule
903 1580 1054 1614 eueniat
1077 1580 1223 1621 uerbis,
1247 1581 1321 1614 nisi
1346 1592 1421 1615 rem
1447 1585 1673 1626 sequantur’

163 1709 295 1739 VARIA
323 1709 494 1737 12130'1110.

278 1778 357 1816 301
390 1754 532 1830 laeusjss
555 1791 578 1815 α
610 1768 715 1815 leuus
746 1778 820 1815 Cu
850 1778 976 1814 laeuus
1007 1773 1109 1815 cett!
1140 1778 1235 1812 leuis
1264 1791 1291 1827 y
1322 1778 1461 1812 stultus
1492 1791 1518 1815 v
1545 1790 1634 1816 aar.

165 1858 246 1896 302
272 1837 393 1907 puger
416 1856 436 1892 λ
467 1869 607 1906 purgor
628 1862 715 1894 cett.
742 1849 779 1901 ς’
801 1853 914 1905 ΡρῘι.’
928 1858 995 1893 Ac.
1019 1857 1112 1894 Aer.
1135 1863 1250 1895 tract.
1287 1859 1393 1895 Vind.
1428 1869 1577 1903 pungor
1599 1866 1622 1894 6
1641 1871 1705 1907 pr.

165 1907 305 1960 p'urger
325 1927 347 1951 r
377 1913 424 1961 (ct
445 1916 549 1962 Lips.
570 1914 652 1961 pr.)
684 1926 803 1958 purgo
823 1925 850 1961 y
872 1925 903 1950 ω
990 1914 1055 1947 bili
1078 1914 1273 1963 Cruquius
1302 1926 1354 1952 ex
1374 1916 1499 1952 tribus
1520 1926 1708 1953 commen-

166 1973 279 2008 tariis
310 1972 453 2009 Blancl.
476 1985 557 2017 opp.
590 1975 750 2008 tractat.
793 1971 999 2008 Vindobon.
1120 1968 1269 2022 horam]
1303 1983 1427 2006 auram
1457 1973 1646 2010 Heinsius
1676 1980 1709 2009 ct

166 2029 421 2066 Burmannus
448 2042 530 2076 opp.
555 2024 667 2075 12ka
791 2026 873 2065 304
905 2029 1015 2064 tantis
1049 2026 1115 2077 {go
1149 2028 1185 2064 B
1222 2030 1312 2065 tanti
1342 2034 1399 2065 est
1429 2039 1520 2077 ergo
1551 2026 1708 2074 cett.'‹;'

165 2107 238 2156 (est
274 2120 344 2145 om.
372 2106 398 2157 β
431 2106 458 2153 1)
582 2103 693 2157 ergo]
727 2088 797 2156 ergo
835 2107 900 2144 seti-
931 2120 955 2144 u
987 2117 1076 2153 ergo
1106 2110 1120 2145 l
1157 2119 1226 2153 ego
1265 2108 1328 2142 sed
1356 2119 1383 2155 y
1416 2103 1706 2160 [Nostradam]

165 2164 231 2199 sed
263 2176 331 2209 ego
362 2177 387 2212 y
409 2160 525 2215 [Par.
550 2161 679 2214 7976]
799 2164 880 2202 305
912 2175 1038 2201 exsors
1068 2165 1146 2214 ipsa
1166 2165 1187 2201 λ
1209 2177 1234 2202 u
1255 2177 1278 2214 γ
1301 2177 1389 2202 uar.
1410 2166 1447 2212 (v
1469 2172 1493 2201 σ
1513 2176 1530 2202 2
1551 2177 1571 2202 τ
1589 2168 1604 2204 l
1624 2177 1641 2203 2
1661 2179 1709 2208 v,-

164 2225 286 2256 etsors
315 2219 381 2271 ll)
411 2226 570 2258 tractat.
605 2222 810 2259 Vindobon.
840 2222 1004 2270 florileg.
1038 2222 1221 2259 Nostrad.
1255 2223 1424 2259 Emisius
1452 2234 1549 2259 cons.
1578 2236 1708 2272 yram—

164 2281 294 2315 malz'c.
334 2279 470 2315 incert.
510 2289 617 2315 exors
655 2279 732 2327 ipsa
761 2279 799 2315 F
825 2275 849 2315 δ
877 2274 940 2328 (β’
959 2287 982 2314 σ
1012 2289 1024 2316 1
1053 2291 1075 2315 r
1102 2276 1135 2314 e't
1164 2278 1287 2326 Lips.)
1325 2281 1418 2316 Aer.
1458 2280 1709 2318 Hildebertus

164 2336 334 2373 Ioannes
372 2335 574 2372 Saresber.
607 2336 782 2372 exsortita
810 2348 834 2385 γ
863 2333 915 2384 (a)
934 2347 960 2383 y
997 2336 1151 2373 exortita
1183 2337 1220 2372 B
1243 2334 1273 2372 C
1290 2335 1311 2372 λ
1332 2348 1422 2374 uar.
1443 2333 1467 2372 δ
1488 2347 1505 2373 2
1526 2348 1612 2374 aar.
1635 2338 1706 2374 Ac.

166 2415 270 2438 exors
299 2403 377 2450 ipsa
407 2404 553 2438 secanae
569 2415 595 2451 y
619 2399 685 2454 [rc]
718 2399 790 2451 (At
821 2390 892 2439 Lu}
922 2403 1084 2440 Exorata
1115 2403 1150 2452 λ)
1295 2405 1378 2443 306
1410 2403 1564 2441 offitium
1586 2418 1610 2455 γ
1630 2418 1661 2454 φ
1682 2419 1708 2445 u

277 2483 366 2520 nihil
399 2479 422 2518 δ
439 2495 503 2531 pr.
524 2495 549 2531 y
646 2482 727 2521 307
758 2488 1022 2532 parentusopes
1052 2483 1090 2520 B
1112 2484 1142 2521 C
1161 2495 1175 2521 1
1263 2483 1344 2522 308
1374 2454 1451 2528 Quil
1472 2484 1493 2520 λ
1580 2485 1708 2522 doceat

164 2552 187 2590 γ
208 2537 232 2577 ὃ
251 2552 314 2587 pr.
338 2545 406 2578 aut
429 2551 442 2577 1
463 2539 502 2587 (ν
523 2550 535 2576 1
558 2552 581 2576 a
604 2550 617 2576 1
639 2553 661 2576 r
683 2539 711 2588 1)
732 2543 770 2577 in
791 2552 815 2590 y
835 2550 1033 2587 superscr.
1066 2541 1102 2578 ai
1131 2540 1257 2578 deceat
1346 2542 1408 2589 qui
1439 2552 1513 2578 non
1545 2541 1582 2578 B
1604 2541 1624 2577 λ
1641 2554 1707 2590 pr.

279 2594 414 2648 uirtus]
447 2598 566 2634 iustus
596 2609 619 2645 γ
642 2607 654 2633 1
769 2602 849 2643 post
878 2608 916 2634 u.
940 2596 1022 2635 308
1054 2609 1117 2635 uu.
1142 2597 1367 2636 332—346
1398 2599 1500 2644 ponit
1520 2599 1707 2637 Lem-sius

279 2653 360 2692 309
390 2659 490 2691 recte
522 2664 646 2702 sapere
669 2652 689 2688 λ
707 2665 771 2701 pr.
795 2653 846 2701 (v)
876 2658 976 2691 recte
1005 2665 1132 2703 sapere
1163 2659 1220 2692 est
1241 2659 1331 2692 cett.
1358 2650 1410 2699 ς”
1430 2651 1546 2702 Pph!
1575 2667 1708 2702 sapere

164 2714 265 2745 recte
295 2715 354 2745 est
383 2724 402 2747 τ
515 2716 572 2747 est
601 2711 835 2759 principium,
870 2723 940 2748 om.
972 2716 1030 2759 et,
1061 2712 1100 2748 B
1234 2712 1318 2750 310
1348 2713 1525 2749 socratice
1557 2712 1588 2749 G

164 2767 309 2804 chartae
340 2768 377 2804 B
399 2768 428 2805 C
445 2763 559 2815 Pplz!
589 2772 708 2804 cartae
739 2768 777 2804 F
793 2764 834 2804 λ’
855 2764 879 2804 δ
900 2780 925 2805 u
956 2767 1079 2805 charte
1109 2781 1133 2819 y
1163 2768 1291 2803 kartae
1311 2781 1337 2817 y
1360 2765 1626 2820 [Petropolit.]

166 2823 244 2860 311
277 2830 481 2873 sequentur
512 2825 542 2861 C
569 2829 774 2872 sequuntur
809 2825 841 2860 B
869 2830 1071 2873 sequentur
1103 2819 1206 2862 cett.'
1227 2821 1338 2873 Pph!
1360 2822 1521 2874 Porph!
1543 2830 1704 2865 tractat.

176 2880 330 2918 Vindob.
364 2881 622 2927 Quintilianus
651 2893 744 2917 cons.
780 2877 831 2925 ς”
