1890 3106
823 152 890 180 vv.
923 150 1060 177 335-356
1626 136 1711 179 363

286 267 325 301 et
355 261 516 318 longum
548 268 642 303 noto
673 263 859 316 scriptori
887 269 1077 316 prorogat
1107 263 1292 304 *aeuom

284 341 378 376 sunt
408 335 549 376 delicta
582 343 711 377 tamen
744 337 887 390 quibus
916 338 1118 389 ignouisse
1152 338 1340 379 uelimus:

283 422 376 450 nam
398 422 527 463 neque
549 410 695 451 chorda
719 424 861 451 sonum
882 410 1013 451 reddit
1033 423 1150 464 quem
1172 411 1255 452 uolt
1275 424 1415 452 manus
1437 417 1476 452 et
1498 424 1621 459 mem,

282 484 546 537 poscentique
577 496 740 537 grauem
772 497 968 538 persaepe
998 486 1166 525 remittit
1198 490 1375 533 acutum,

282 569 358 598 nec
387 570 548 610 semper
579 558 695 599 feriet
725 559 1006 612 quodcumque
1037 558 1254 600 minabitur
1284 571 1411 599 arcus.
1444 609 1447 613 ὴ
1639 565 1710 598 350

282 644 422 672 uerum
454 627 522 672 ubi
554 631 669 684 plura
701 633 829 672 nitent
859 633 899 672 in
932 634 1128 679 carmine,
1162 645 1242 674 non
1274 645 1348 685 ego
1379 634 1517 686 paucis

282 706 461 746 offendar
493 705 677 752 maculis,
710 719 809 759 quas
840 712 906 747 aut
934 707 1087 747 incuria
1118 707 1221 748 fudit

279 785 346 820 aut
376 780 549 820 humana
579 792 720 833 parum
753 781 859 820 cauit
890 786 1043 822 natura.
1104 781 1196 834 quid
1229 783 1388 834 ergost‘?

278 859 322 894 ut
351 855 522 907 scriptor
553 855 585 894 si
617 860 756 907 peccat
785 855 891 895 idem
924 854 1110 895 librarius
1141 868 1290 907 usque,

280 929 462 979 quamuis
493 934 552 968 est
582 930 779 975 monitus,
812 929 930 969 uenia
962 934 1090 976 caret,
1123 934 1164 970 et
1193 930 1449 970 citharoedus
1640 936 1708 968 355

278 1001 446 1048 ridetur,
479 1002 629 1043 chorda
660 1003 727 1056 qui
756 1015 916 1056 semper
946 1002 1110 1044 oberrat
1140 1004 1297 1044 eadem:

165 1141 436 1169 TESTIMONIA.

254 1206 315 1231 uu.
343 1196 536 1229 347—353
567 1195 684 1229 ‘Sunt
709 1196 748 1229 d:
776 1196 923 1239 quidem
948 1214 990 1220 —-
1015 1199 1172 1230 natura’
1199 1197 1300 1232 flor.
1324 1198 1471 1231 Nostr.
1588 1198 1707 1232 348—

163 1243 231 1276 350
254 1242 416 1275 Ioannes
440 1242 688 1276 Victoriensis
719 1243 795 1275 1111
821 1245 839 1275 7
866 1253 900 1285 p.
926 1243 993 1276 375
1017 1243 1059 1277 B.
1160 1245 1228 1276 350
1259 1243 1414 1276 Seruius
1443 1243 1493 1276 ad
1521 1243 1612 1279 Aen.
1638 1245 1709 1278 VII

163 1289 231 1321 498
257 1285 432 1331 [Probus]
461 1287 506 1320 de
531 1287 672 1321 ultimis
697 1287 852 1330 syllabis
876 1290 942 1321 242
960 1289 1004 1321 K.
1028 1288 1248 1331 florilegium
1273 1289 1392 1324 Paris.
1410 1289 1523 1322 8818*
1546 1290 1708 1323 Vincen—

165 1334 240 1366 tius
271 1332 549 1366 Bellouaeensis
582 1333 722 1376 specul.
754 1334 883 1369 histor.
914 1334 983 1367 VII
1014 1335 1057 1368 67
1095 1334 1145 1367 cf.
1176 1335 1323 1368 ecbasis
1358 1335 1502 1377 captiui
1532 1345 1566 1367 u.
1602 1336 1705 1368 1162:

166 1381 261 1411 ‘non
285 1388 430 1421 semper
452 1396 498 1401 -
523 1382 652 1411 arcus'
759 1378 886 1412 ‘fieret
911 1379 1152 1422 quodcunque
1178 1381 1377 1413 minabitur
1400 1383 1528 1413 arcus’
1555 1384 1705 1422 tractat.

165 1424 209 1457 de
237 1423 331 1457 duce
356 1425 516 1457 Ernesto
540 1426 562 1457 4
589 1423 674 1467 [VII
700 1435 734 1467 p.
761 1426 825 1458 197
850 1423 1009 1469 Haupt]
1151 1427 1218 1459 355
1244 1436 1298 1468 sq.
1324 1427 1393 1459 ‘At
1425 1426 1636 1459 citharedus
1661 1444 1706 1451 —

165 1469 315 1502 eadem’
341 1469 495 1512 florileg.
521 1470 756 1503 Nostradam.

164 1607 296 1637 VARIA
326 1608 494 1636 LEGTIO.
1654 1623 1659 1633 ,.

173 1665 379 1703 Vindobon.
411 1677 493 1704 aere
523 1667 562 1703 F
578 1661 641 1703 λί
663 1663 688 1703 ὃ
710 1677 721 1704 1
743 1665 783 1715 (ν
805 1678 818 1704 1
839 1679 863 1704 α
884 1678 900 1704 2
922 1680 1011 1704 παν.
1032 1674 1066 1703 et
1085 1665 1111 1717 β
1134 1667 1160 1715 1)
1192 1679 1252 1705 ere
1285 1668 1314 1705 0
1334 1678 1344 1705 1
1378 1680 1421 1702 ae
1451 1667 1525 1717 (sic)
1546 1669 1646 1717 Pplz.

97 1759 102 1770 ,
163 1723 257 1760 sosis
277 1735 302 1773 γ
322 1722 360 1759 Β
382 1722 412 1759 0
430 1721 469 1773 (β
478 1719 524 1760 'a
548 1734 559 1761 1
581 1730 615 1759 et
634 1722 660 1759 4
679 1723 839 1772 Bland.)
870 1726 938 1761 Ac.
961 1726 1068 1762 sosiis
1090 1721 1250 1770 cett.'3'
1272 1721 1387 1773 Pph!
1408 1721 1569 1773 Por-ph!
1586 1731 1703 1764 tract.

175 1781 283 1817 Vind.
316 1777 453 1830 sosssis
484 1781 574 1828 Pf.‚·
603 1782 718 1818 Aer„-
757 1779 885 1815 ‘Sosis
918 1781 957 1815 -i·
988 1781 1220 1828 bibliopolis3
1259 1782 1344 1816 alii
1378 1782 1704 1818 emendatores

165 1842 210 1871 et
238 1836 532 1882 probatores
564 1838 810 1872 carminum
841 1838 974 1873 uolunt
1003 1839 1074 1873 duo
1108 1839 1280 1874 Idebere
1301 1840 1435 1883 scribi,
1467 1840 1533 1874 sed
1552 1846 1706 1887 propter

163 1897 314 1928 metrum
354 1904 466 1928 unum
505 1894 693 1929 scribitur.
750 1894 850 1930 Sosii
888 1907 976 1940 ergo
1014 1896 1087 1929 duo
1126 1898 1262 1931 fratres
1299 1898 1454 1931 fuerunt
1482 1897 1706 1944 bibliopolae

165 1950 433 1997 opinatissimi'
518 1948 574 2001 et]
598 1955 703 1989 omis.
725 1949 749 1988 ὃ
764 1964 831 2000 pr.
921 1952 1002 1990 346
1025 1964 1131 1989 euum
1155 1965 1179 1990 u
1200 1965 1328 1990 aeuum
1351 1950 1454 1990 cett!
1532 1967 1597 1992 uu.
1621 1954 1703 1993 347

164 2007 312 2046 —360
338 2007 557 2046 Bouhierus
576 2011 783 2044 conlocabat
803 2016 882 2056 post
904 2022 941 2047 u.
963 2009 1045 2047 378
1066 2010 1326 2048 Mollevaulus
1343 2017 1424 2057 post
1446 2023 1482 2048 u.
1507 2010 1589 2048 274
1620 2024 1704 2059 opp.

164 2066 268 2100 etiam
294 2067 459 2115 floriley.
494 2066 678 2103 Nostrad.
775 2066 856 2104 348
889 2066 999 2103 corda
1028 2079 1052 2116 γ
1072 2068 1111 2104 F
1127 2064 1168 2102 λ’
1185 2064 1209 2104 ὃ
1228 2080 1254 2106 u
1341 2067 1421 2104 uolt
1451 2069 1489 2104 F
1508 2064 1529 2102 ὃ
1550 2067 1599 2116 (et
1618 2068 1660 2117 π)
1677 2082 1704 2118 y

165 2122 228 2158 uul
259 2121 279 2158 λ
311 2121 391 2159 uult
421 2127 508 2160 cett.
535 2116 573 2167 ς’
598 2124 762 2172 floriley.
798 2124 1043 2161 Nostradam.
1159 2131 1195 2162 et
1226 2121 1345 2175 mens]
1378 2127 1483 2162 omis.
1515 2125 1552 2161 B

165 2178 245 2216 349
276 2190 390 2228 psepe
421 2180 451 2217 0
469 2192 500 2227 φ
523 2176 597 2217 λά
684 2181 838 2218 remittit
857 2193 881 2231 γ
901 2181 939 2217 Β
961 2179 992 2218 C
1009 2178 1033 2218 δ
1053 2192 1069 2218 2
1093 2177 1144 2225 ς”
1175 2186 1334 2220 tractat.
1369 2182 1573 2219 Vindobon.
1594 2184 1703 2231 flori-

163 2238 235 2284 ley.
270 2237 515 2274 Nostradam.
546 2238 718 2275 Ioannes
758 2239 984 2276 Victoriens.
1025 2237 1144 2278 reddit
1181 2238 1395 2287 (superscr.
1427 2240 1443 2275 i
1479 2238 1647 2287 remittit)
1678 2252 1703 2277 u

164 2294 284 2331 schol.
306 2306 330 2342 γ
361 2300 392 2329 et
423 2299 582 2332 tractat.
618 2295 823 2333 Vindobon.
852 2309 921 2342 pro
940 2296 1233 2343 interpretatione
1253 2297 1401 2333 remutit
1422 2297 1460 2333 F
1475 2296 1497 2333 λ
1517 2298 1557 2333 in
1578 2309 1700 2346 mat-9.

165 2347 187 2385 d
211 2361 234 2386 1r
254 2355 295 2388 ut
325 2352 400 2389 uid.
433 2352 480 2398 (et
513 2352 534 2388 1
568 2350 727 2399 Bland.)
757 2354 922 2390 remuttit
954 2349 992 2388 λ’
1014 2355 1053 2390 in
1083 2345 1216 2396 textu}
1246 2366 1270 2390 a
1294 2364 1304 2390 1
1337 2366 1412 2391 non
1442 2355 1562 2402 liquet

165 2407 248 2445 350
275 2407 349 2444 Nec
369 2405 496 2453 Ω’ς”
518 2413 566 2445 tr.
603 2410 708 2446 Vind.
726 2410 815 2457 flor.
840 2410 970 2448 Nostr.
993 2410 1157 2448 Seruius
1183 2406 1371 2461 [Probus]
1395 2411 1442 2448 de
1463 2412 1603 2448 ultimis
1624 2413 1703 2458 syl-

163 2465 264 2501 labis
293 2465 378 2519 N⁰¹.¹
406 2467 571 2515 florileg).
603 2466 735 2503 Paris.
759 2460 896 2504 88188
992 2463 1118 2518 feriet]
1151 2467 1256 2505 fieret
1285 2479 1309 2517 y
1326 2480 1392 2515 pr.
1416 2467 1455 2514 (a
1473 2479 1537 2515 pr.
1561 2472 1603 2505 ut
1625 2470 1702 2505 uid.

162 2523 175 2558 l
197 2533 315 2568 corr„
338 2523 436 2559 omis.
454 2525 468 2559 l
486 2523 566 2571 pr.)
590 2527 706 2560 tract.
737 2524 785 2560 de
814 2524 914 2561 duce
935 2524 1102 2562 Ernesto
1199 2524 1403 2574 quodcunq.
1419 2524 1448 2561 C
1465 2523 1516 2575 (v)
1550 2525 1703 2559 cuicun-

165 2590 237 2625 que
266 2579 320 2616 M.
339 2575 524 2628 'Bonfinis
640 2580 720 2617 351
752 2576 876 2631 plura]
908 2592 1004 2626 pura
1032 2583 1046 2618 l
1072 2593 1137 2629 pr.
1170 2587 1239 2619 aut
1269 2592 1283 2618 1
1400 2580 1481 2619 353
1513 2583 1704 2631 ergostB

165 2647 254 2684 ergo
286 2641 342 2672 est
373 2633 559 2680 cettlg*
587 2636 636 2684 (et
667 2649 765 2674 omn.
799 2639 907 2676 codd.
941 2637 1100 2687 Cruqu.)
1132 2650 1241 2684 ergo,
1281 2651 1350 2675 om.
1384 2642 1459 2682 est,
1492 2649 1551 2675 αι
1580 2639 1595 2674 ?
1626 2651 1651 2676 v
1677 2651 1702 2687 y

167 2688 294 2742 [Sorb.
325 2705 364 2741 p.
397 2705 479 2732 ras.
515 2690 665 2744 Vpsal.]
696 2706 726 2730 ω
822 2693 904 2732 355
937 2693 1068 2739 Quauis
1088 2692 1113 2731 ὃ
1136 2706 1147 2732 1
1235 2701 1272 2732 et
1301 2690 1363 2732 52'
1389 2691 1440 2739 ς”
1460 2707 1555 2731 cons.
1587 2701 1704 2734 tract.

177 2749 283 2787 Vind.
315 2754 357 2784 ut
375 2763 402 2787 υ
421 2764 447 2800 y
470 2747 696 2801 [Zuliclaem.
719 2762 734 2787 2
754 2747 975 2802 super-scr]
1007 2753 1136 2790 Bentl.
1169 2752 1217 2786 At
1242 2754 1407 2802 florileg).
1432 2752 1616 2790 Nostrad.

165 2806 369 2844 citharedus
400 2805 423 2843 ὃ
452 2808 693 2857 cytharoedus
724 2809 763 2844 F
874 2807 956 2846 356
987 2809 1096 2846 corda
1126 2810 1164 2846 F
1182 2803 1220 2844 λ’
1239 2806 1264 2845 δ
1284 2821 1309 2846 u
1397 2808 1540 2846 oberrat
1577 2810 1608 2845 Β
1626 2809 1706 2847 CF

167 2858 207 2899 λ’
222 2860 244 2898 ὃ
258 2875 325 2911 pr.
347 2877 371 2901 u
393 2864 432 2912 (ν
452 2875 474 2901 σ
495 2878 521 2901 v
542 2872 575 2901 et
596 2877 624 2901 π
646 2864 787 2913 Fran.)
818 2869 978 2903 tractat.
1019 2867 1225 2904 Vindobon.
1252 2868 1419 2916 floriley.
1451 2867 1700 2906 Nos-tradam.
