1890 3106
217 130 302 174 322
765 145 923 173 ΗΟΒΑΤΙ
952 146 1244 175 EPISTVLARVM

329 261 528 309 permutet
557 256 740 296 dominos
771 260 810 296 et
841 256 953 297 cedat
983 258 1023 296 in
1055 257 1177 297 altera
1206 259 1306 298 iura.
1360 303 1361 306 Ἴ

331 330 388 370 sic
417 330 508 383 quia
539 335 757 382 perpetuus
788 329 886 370 nulli
917 330 1031 370 datur
1061 343 1156 371 usus
1187 337 1226 372 et
1255 331 1373 372 heres
1682 342 1746 374 175

330 403 519 443 heredem
550 402 711 443 alterius
743 402 854 444 uelut
884 403 989 444 unda
1021 405 1252 457 superuenit
1281 405 1446 452 undam,

332 476 424 527 quid
457 477 536 517 uici
565 482 734 529 prosunt
763 482 832 517 aut
861 477 1028 518 horrea?
1059 478 1206 531 quidue
1238 478 1414 519 Calabris

331 549 495 590 saltibus
525 550 667 590 adiecti
699 550 869 596 Lucani,
903 552 935 591 si
968 553 1078 591 metit
1109 552 1236 592 Orcus

260 667 267 671 ‚
331 624 497 675 grandia
527 636 616 664 cum
649 625 803 678 paruis,
836 637 914 664 non
948 624 1159 665 exorabilis
1190 627 1312 666 auro?

331 709 508 750 gemmas
539 710 713 738 marmor
744 698 843 738 ebur
874 698 1079 751 Tyrrhena
1110 698 1239 751 sigilla
1271 700 1434 741 tabellas
1668 710 1749 742 >180

332 777 540 824 argentum
572 776 706 812 uestes
737 772 902 812 Gaetulo
934 773 1085 813 murice
1115 774 1260 813 tinctas

330 850 424 885 sunt
453 846 520 898 qui
550 857 629 885 non
660 844 851 891 habeant,
886 847 1042 898 estqui
1072 858 1152 886 non
1183 852 1297 887 curat
1327 847 1487 889 habere.
1539 863 1550 870 ·

333 931 405 958 eur
434 918 535 959 alter
566 919 732 958 fratrum
763 931 922 959 cessare
954 924 993 958 et
1023 919 1162 960 ludere
1193 925 1232 959 et
1262 922 1386 972 ungui

331 992 533 1044 praeferat
562 992 734 1032 Herodis
764 992 946 1045 palmetis
977 993 1211 1045 pinguibus,
1243 993 1344 1034 alter

333 1064 445 1105 diues
476 1071 515 1105 et
544 1066 783 1119 inportunus
814 1067 862 1106 ad
894 1066 1075 1107 umbram
1110 1067 1211 1107 lucis
1241 1067 1291 1108 ab
1323 1074 1411 1109 ortu
1687 1078 1750 1110 185

332 1137 559 1180 siluestrem
590 1139 759 1180 flammis
791 1140 969 1188 etierro
999 1142 1153 1193 mitiget
1182 1153 1343 1193 agrum,

333 1214 408 1253 scit
438 1213 607 1259 Genius,
641 1213 772 1254 natale
802 1226 936 1254 comes
965 1215 1033 1267 qui
1063 1219 1258 1267 temperat
1288 1220 1459 1262 astrum,

218 1355 490 1384 TESTIMONIA.

309 1421 370 1444 uu.
389 1410 598 1445 178—186:
625 1412 675 1445 ‘si
698 1412 805 1446 metit
822 1431 862 1435 —-
882 1416 1031 1455 agrum'
1057 1413 1210 1457 florileg.
1237 1413 1412 1448 Nostrad.
1508 1416 1574 1449 184
1590 1416 1752 1450 Priscia-

219 1465 289 1489 nus
312 1457 434 1489 instit.
459 1456 511 1490 VI
538 1458 597 1499 11,
622 1458 663 1490 61

218 1572 347 1601 VARIA
376 1572 543 1601 LEGTIO.

220 1630 339 1663 mors'
373 1629 440 1668 Sil.
464 1629 511 1667 It.
534 1629 563 1665 V
584 1628 665 1667 416
688 1641 766 1678 sq.:
799 1629 931 1664 ‘morte
955 1630 1142 1676 suprema'
1173 1631 1283 1669 Boet.
1306 1633 1353 1669 de
1371 1634 1464 1679 phil.
1489 1636 1632 1671 consol.
1655 1634 1683 1670 ll
1707 1635 1750 1672 7:
1826 1608 1831 1612 ¹

218 1683 358 1720 ‘morte
379 1684 571 1732 suprema'
661 1685 742 1723 174
763 1686 904 1724 Pmut&
924 1688 963 1724 Ε
982 1698 991 1724 1
1014 1687 1204 1722 Permutat
1220 1689 1308 1735 flor.
1331 1689 1459 1726 Nostr.
1538 1689 1666 1727 domos
1687 1691 1726 1728 E
1738 1702 1751 1728 1

220 1747 288 1780 aut
301 1754 369 1791 pr.
469 1742 573 1780 cedet
591 1744 630 1780 F
648 1742 669 1778 λ
698 1742 858 1781 caedetl
887 1743 990 1780 cedat
1011 1739 1176 1789 εείΐ.’ς”
1205 1745 1311 1792 cedat
1331 1757 1356 1782 ν
1385 1745 1482 1780 cedit
1507 1747 1595 1793 flor.
1619 1747 1749 1786 Nostr,

336 1799 415 1837 175
447 1799 550 1833 Nulli
578 1812 634 1856 9².
651 1811 772 1834 rerum
802 1799 913 1834 datur
940 1802 1028 1848 flor.
1060 1801 1192 1838 Nostr.
1301 1801 1363 1836 Sic
1390 1815 1416 1852 9
1433 1813 1460 1850 y
1483 1797 1596 1852 [Par.
1617 1801 1749 1855 8214]

612 1859 653 1877 SIC

221 1890 275 1927 Sic
297 1890 336 1927 E
351 1902 377 1938 y
398 1886 543 1941 [Meth]
577 1891 616 1924 Si
637 1902 661 1925 v
689 1889 727 1926 Si
748 1890 786 1927 F
802 1884 963 1934 λ’δ’ς”
982 1887 1096 1939 ΡρΙι.’
1117 1888 1278 1940 ΡονρΙι.’
1298 1893 1382 1930 Fea
1412 1892 1486 1927 Sed
1516 1906 1541 1929 ν
1558 1906 1585 1942 y
1671 1895 1753 1944 quia

221 1946 263 1985 Ω
286 1943 338 1991 ς”
369 1958 442 1992 qua
471 1948 498 1983 d
518 1957 530 1984 1
551 1948 565 1984 l
586 1958 597 1984 1
619 1943 735 1995 ΡΜ]
829 1946 906 1983 nuli
936 1947 957 1984 λ
1050 1948 1155 1997 heres
1187 1945 1231 1985 δ’
1349 1949 1429 1987 176
1461 1946 1654 2001 Heredess,
1685 1952 1750 1989 lin.

221 2005 270 2041 ab
301 2005 368 2042 alt.
400 2015 447 2040 m.
471 2004 510 2040 E
594 2003 745 2038 alternis
773 2015 800 2051 y
823 2003 950 2041 Bentl.
1041 2005 1141 2041 uelut
1171 2002 1195 2041 ὃ
1293 2005 1372 2043 177
1404 2002 1492 2056 uici]
1527 2006 1622 2041 uites
1653 2007 1754 2045 Can..

221 2065 328 2098 terus
347 2064 468 2105 fretus
489 2060 684 2109 Porphyr.
716 2061 797 2096 olim
817 2062 917 2108 uolg.
938 2063 1036 2104 falsa
1055 2062 1201 2097 lectione
1222 2060 1234 2079 ‘
1247 2061 1365 2096 uineis
1378 2062 1390 2080 '
1410 2075 1476 2109 pro
1498 2063 1509 2080 ‘
1522 2062 1614 2097 uicis
1627 2065 1638 2082 ’
1661 2067 1754 2110 quod
1784 2063 1786 2065 ’

221 2117 331 2155 codd.
354 2123 529 2153 testamur
614 2122 755 2166 (psum,r
770 2129 798 2166 <p
817 2120 857 2154 in
878 2129 971 2164 ras„
995 2115 1019 2155 δ
1106 2118 1256 2163 horrea,
1286 2119 1493 2166 interpung.
1515 2119 1696 2160 Doederz.

223 2174 304 2212 178
336 2173 460 2208 emetit
488 2174 588 2220 Pplz.
714 2186 779 2211 uu.
813 2173 1040 2213 180—182
1072 2177 1140 2211 del.
1171 2175 1358 2213 Lehrsius
1472 2175 1553 2214 180
1582 2178 1754 2226 tyrrhena

222 2231 261 2268 E
289 2227 338 2280 (9)
368 2229 435 2277 Pf.
468 2235 614 2279 tyrrena
643 2231 682 2267 F
702 2226 742 2267 λ’
779 2231 913 2267 tirrena
943 2227 987 2267 δ’
1134 2232 1211 2269 181
1244 2236 1366 2269 uestes
1396 2229 1472 2269 52⁰
1501 2228 1553 2277 ς”
1587 2235 1752 2283 floriley.

222 2288 406 2325 Nostrad.
494 2285 613 2340 389110
636 2287 675 2323 Ε
691 2287 789 2335 ΡρῘι.
823 2287 949 2336 getulo
970 2289 1009 2324 F
1027 2281 1066 2323 λ’
1097 2288 1223 2337 getulo
1253 2286 1278 2325 δ
1375 2288 1455 2327 182
1486 2295 1588 2327 curat
1616 2285 1753 2335 „vg”

220 2345 383 2393 floriley.
417 2343 663 2381 Nostradam.
697 2344 896 2381 Bentleius
925 2349 1030 2379 curet
1057 2356 1084 2392 y
1117 2343 1159 2394 [3
1190 2346 1298 2383 codd.
1335 2345 1487 2383 Valarti
1513 2344 1578 2396 (?)]
1609 2359 1640 2383 ω

223 2413 286 2438 uu.
312 2399 534 2438 183—189
563 2406 641 2446 pose
662 2399 674 2436 l
699 2400 764 2447 12,
791 2400 837 2436 11
868 2402 969 2447 ponit
999 2401 1234 2439 Ribbeckius
1329 2402 1407 2440 183
1439 2398 1610 2453 fratrum]
1641 2403 1754 2440 frater

225 2453 296 2505 (5'y
319 2452 479 2507 [Gran]
502 2469 582 2503 opp.
605 2457 702 2504 Pplz.
725 2453 886 2504 Porph.'
904 2458 992 2505 flor.
1016 2458 1146 2496 Nostr.
1227 2459 1341 2507 ungui
1363 2455 1501 2503 52'‘;''
1531 2459 1621 2504 ungi
1642 2467 1666 2495 6
1685 2460 1752 2508 Pf.

219 2515 383 2563 florileg).
416 2514 662 2550 Nostradam.
754 2512 834 2551 184
864 2513 1026 2552 Preferat
1045 2515 1084 2551 E
1101 2511 1143 2551 λ’
1158 2511 1201 2550 δ’
1231 2514 1378 2549 Prefert
1405 2517 1567 2564 floriley.
1591 2516 1752 2554 Nostra-

222 2571 323 2607 dam.
427 2569 596 2618 polmetis
627 2570 664 2606 E
689 2582 751 2617 pr.
883 2570 963 2608 185
994 2571 1108 2605 Dirus
1139 2571 1341 2609 Bardilius
1370 2584 1450 2619 opp.
1479 2573 1644 2621 floriley.
1676 2573 1752 2610 Νο-

223 2627 408 2664 stradam.
503 2622 558 2676 et]
590 2628 694 2664 omis.
725 2627 764 2663 Ε
777 2638 842 2674 pr.
866 2626 886 2662 λ
986 2629 1205 2677 inportunus
1235 2629 1274 2664 E
1290 2629 1328 2665 F
1345 2627 1366 2664 λ
1386 2625 1411 2664 ὃ
1433 2639 1446 2664 1
1466 2627 1504 2676 (ν
1524 2636 1547 2663 σ
1568 2641 1592 2666 a
1613 2641 1639 2665 v
1659 2635 1692 2664 et
1712 2626 1753 2679 β)

222 2684 321 2731 Pplz.
349 2684 513 2732 floriley.
547 2683 791 2720 Nostradam.
824 2680 1053 2732 impertunus
1083 2682 1108 2721 δ
1127 2695 1144 2722 2
1164 2679 1225 2733 (π’
1240 2686 1267 2722 d
1282 2697 1307 2734 9
1325 2687 1339 2722 l
1360 2698 1381 2721 r
1401 2691 1434 2720 et
1453 2683 1594 2732 Fran.)
1615 2685 1679 2733 Pf.

1649 2747 1664 2774 1

227 2784 306 2822 186
337 2785 495 2828 mittiget
522 2779 566 2833 β’
595 2784 738 2830 mitigat
755 2787 871 2833 flor-il.
893 2786 1075 2842 1Vostrad.
1196 2786 1274 2825 187
1305 2786 1387 2834 gen'
1409 2787 1448 2823 Ε
1530 2757 1708 2834 tempergt
1727 2800 1753 2825 v

340 2853 376 2877 u.
412 2841 490 2879 188
518 2846 607 2888 post
636 2854 673 2878 u.
710 2842 788 2879 189
820 2842 859 2881 Ε
880 2854 945 2890 pr.
