1890 3106
768 136 851 166 Lm.
885 140 901 166 1
930 136 964 172 c,
988 135 1092 164 25—43
1614 118 1699 161 221

275 252 382 294 mille
413 251 560 293 talenta
591 251 871 297 rotundentur,
903 250 1069 291 totidem
1100 248 1244 296 altera,
1276 261 1398 301 porro
1430 253 1468 288 et

275 329 391 368 tertia
423 327 640 368 succedant
671 331 710 367 et
739 338 840 379 quae
870 337 963 377 pars
993 324 1160 378 quadret
1189 323 1427 364 *aceruom
1657 326 1701 359 35

276 401 430 442 scilicet
459 413 627 442 uxorem
657 413 748 440 cum
780 399 872 440 dote
902 398 1102 450 fidemque
1133 403 1172 438 et
1201 398 1351 438 amicos

278 482 318 516 et
347 487 472 528 genus
503 479 543 516 et
571 475 741 515 formam
772 475 911 525 regina
941 473 1115 514 Pecunia
1146 472 1283 518 donat,

276 563 323 591 ac
355 550 457 590 bene
487 552 736 590 nummatum
770 548 934 587 decorat
965 546 1135 587 Suadela
1166 547 1392 598 Venusque.

278 624 500 675 mancupiis
531 622 707 676 locuples
739 626 829 673 eget
858 622 962 661 aeris
994 619 1272 673 Cappadocum
1303 632 1393 660 rex:

276 710 327 738 ne
358 697 482 738 fueris
512 696 578 737 hic
610 701 663 736 tu.
725 695 954 749 chlamydes
983 693 1192 741 Lucullus,
1225 699 1268 734 ut
1298 694 1425 740 aiunt,
1662 698 1708 730 40

277 773 309 812 si
340 776 476 824 posset
505 775 665 811 centum
696 782 865 810 scaenae
895 769 1093 822 praebere
1122 773 1306 820 rogatus,

281 847 373 898 ‘qui
403 858 567 898 possum
598 845 704 885 tot?'
737 845 810 890 ait;
839 845 995 884 ‘tamen
1029 848 1068 883 et
1099 855 1288 894 quaeram
1320 847 1359 882 et
1389 846 1486 893 quot
1513 840 1670 882 habebo

275 921 468 960 mittam’.
529 924 622 972 post
651 918 770 971 paulo
804 917 944 959 scribit
973 917 1050 958 sibi
1081 917 1189 957 milia
1221 917 1397 970 quinque

162 1059 432 1087 TESTIMONIA.

253 1120 389 1153 34—38
414 1118 569 1161 florileg.
587 1118 821 1152 Nostradam.
915 1118 958 1151 36
978 1128 1031 1160 sq.
1058 1121 1229 1150 ‘uxorem
1260 1133 1295 1139 —-
1325 1116 1461 1149 ‹Ionat’
1487 1117 1707 1150 Vincentius

164 1165 444 1199 Bellouacensis
469 1164 613 1207 specul.
638 1164 765 1197 histor.
791 1164 862 1196 VII
886 1165 930 1197 68
1070 1165 1113 1196 37
1139 1174 1193 1206 sq.
1218 1162 1379 1195 Ioannes
1410 1162 1707 1196 saresberiensis

154 1211 292 1256 policr.
317 1211 350 1244 V
376 1213 417 1243 17
442 1210 617 1253 metalog.
642 1210 659 1242 1
683 1211 706 1242 4
820 1211 863 1243 37
888 1209 1134 1242 Hildebertus
1159 1208 1286 1241 moral.
1314 1207 1446 1251 philos.
1473 1219 1508 1251 p.
1535 1209 1602 1241 990

162 1258 207 1290 38
231 1256 447 1290 Priscianus
471 1256 591 1290 instit.
617 1255 694 1288 1111
712 1256 747 1296 1,
775 1256 807 1287 5.
840 1255 945 1288 Abbo
971 1255 1221 1288 Floriacensis
1248 1256 1612 1297 quaest.'grammat.
1640 1264 1670 1287 c.
1688 1255 1708 1286 6

165 1301 257 1345 [Mai
277 1302 386 1335 class.
407 1305 506 1336 auct.
526 1303 557 1335 V
575 1298 659 1344 355]
757 1301 930 1334 ‘decorat
947 1319 991 1324 —
1008 1302 1230 1343 Venusque’
1257 1300 1479 1343 glossarium
1494 1299 1573 1332 Mai
1602 1297 1710 1342 [clas-

164 1349 228 1381 sic.
253 1351 350 1383 auct.
376 1347 466 1381 VIII
491 1345 573 1391 604]
683 1347 728 1379 40
755 1346 803 1381 cf.
829 1346 1053 1379 Plutarchus
1080 1346 1222 1380 Lucull.
1251 1356 1282 1380 c.
1307 1347 1367 1385 39
1394 1347 1431 1378 6·
1474 1344 1709 1400 (στρατηγοῦ

165 1389 210 1427 δέ
239 1403 332 1426 ποτε
365 1388 693 1444 φιλοτιμουμένου
725 1390 812 1434 περὶ
843 1389 942 1430 θέας
974 1390 1040 1425 καὶ
1068 1390 1168 1437 χορῷ
1194 1402 1271 1425 τινι
1302 1386 1447 1446 κόσμον
1473 1388 1709 1442 αἰτουμένου

163 1437 366 1494 πορφυρᾶς
408 1434 607 1493 χλαμύδας
645 1431 882 1490 απεκρίνατο
905 1432 1182 1488 σκεψάμενος,
1221 1448 1271 1469 αν
1309 1433 1392 1492 ἔχῃ,
1427 1431 1584 1490 δώσειν,
1624 1432 1709 1470 εἶτα

164 1485 244 1538 μεθ
285 1494 431 1527 ημεραν
448 1479 651 1538 ἠρώτησεν
678 1477 812 1522 αὐτόν,
838 1477 991 1534 ὁπόσων
1016 1481 1159 1516 δέοιτο.
1200 1482 1268 1516 τοῦ
1294 1478 1337 1516 δὲ
1363 1476 1504 1516 ἑκατὸν
1530 1477 1709 1536 αρκέσειν

197 1527 361 1581 η’σαντος
394 1524 568 1563 ἐκέλευσε
594 1527 731 1580 λαβεῖν
756 1526 816 1567 δὶς
842 1525 1049 1567 τοσαύτας·
1068 1525 1159 1582 r=⁸¹33
1166 1521 1187 1562 ὃ
1212 1526 1279 1561 καὶ
1298 1522 1473 1566 Φλακκος
1499 1522 1518 1561 ὁ
1545 1524 1710 1572 ποιητὴς

165 1541 477 1655 Ξιπξᾳιιτωνηιῖεν,
505 1570 555 1613 ὡς
579 1567 626 1607 οὗ
652 1574 799 1617 νομίζει
819 1573 1032 1653 πλοῦτοῖν,
1037 1566 1083 1608 οὗ
1108 1568 1160 1618 μή
1187 1569 1235 1607 τὰ
1252 1584 1507 1617 παρορωμενα
1525 1572 1593 1607 καὶ
1618 1575 1710 1607 λαν-

198 1632 247 1654 αν
272 1633 293 1655 ν
318 1632 343 1654 α
366 1632 394 1654 π
421 1631 529 1654 ειονα
554 1619 631 1654 τῶν
656 1631 906 1663 φαινομενων
932 1631 949 1653 ε
977 1620 1032 1653 τέ’

163 1749 292 1776 VARIA
321 1748 490 1778 LECTIO.

906 1791 973 1815 olon

279 1827 334 1866 34
364 1827 611 1865 rutundentur
642 1828 681 1864 E
699 1827 737 1876 (α
761 1839 773 1865 1
799 1841 822 1864 r
850 1827 877 1876 1)
915 1827 1094 1865 rudentur
1125 1828 1157 1864 A
1281 1823 1336 1878 et]
1371 1831 1476 1866 omis.
1507 1822 1594 1879 A'y
1614 1826 1638 1865 6
1661 1829 1708 1866 1?

166 1886 204 1934 (σ
226 1896 239 1922 1
261 1892 295 1921 et
314 1883 341 1935 β
361 1884 392 1933 2)
424 1886 551 1923 exhaessb
583 1886 621 1922 Ε
644 1886 683 1921 Ε
708 1879 750 1921 λ’
765 1882 790 1921 6
820 1898 859 1922 m
890 1896 971 1922 ras.
994 1897 1011 1922 ε
1045 1881 1097 1929 ς”
1127 1885 1175 1932 (et
1196 1885 1220 1922 3
1244 1884 1405 1932 Bland.)
1432 1887 1599 1935 florileg).
1631 1887 1708 1923 Νο-

165 1944 352 1980 stradam.
452 1942 505 1981 35
538 1942 663 1979 Tercia
693 1954 723 1989 φ
745 1953 761 1978 ε
851 1953 922 1991 que
952 1942 974 1978 λ
1068 1941 1221 1991 quadret
1251 1943 1290 1978 Ε
1306 1942 1345 1979 F
1363 1937 1400 1977 λ’
1417 1939 1441 1978 6
1462 1941 1501 1990 (ν
1522 1955 1547 1979 υ
1570 1953 1582 1979 1
1605 1955 1708 1980 corr.

166 2004 234 2038 aut
253 1999 284 2047 2)
313 2002 434 2048 yloss..
462 2012 485 2036 α
522 2000 649 2036 Bentl.
683 1999 835 2048 quadrat
865 1993 917 2036 A'
925 2012 950 2048 y
973 2011 990 2036 ε
1015 1994 1054 2043 ς’
1094 2001 1210 2048 yloss.
1240 2000 1278 2035 E
1295 2012 1319 2049 y
1345 2001 1510 2048 floriley.
1546 2000 1711 2037 Nostra—

165 2059 266 2095 dam.
297 2059 455 2104 quadrat
485 2069 507 2092 r
612 2067 782 2093 aceruum
813 2050 953 2100 ,Ω”ς”
970 2058 1091 2104 floril.
1116 2057 1245 2094 Nostr.
1363 2056 1416 2094 36
1449 2052 1503 2108 et]
1537 2059 1642 2094 omis.
1675 2058 1714 2093 Ε

279 2114 331 2152 37
364 2109 536 2164 sormam]
569 2125 700 2148 nomen
730 2127 756 2162 y
779 2109 1020 2164 [Petropol.]
1053 2127 1134 2160 opp.
1166 2115 1331 2162 floriley.
1366 2113 1614 2151 Nostradam.

166 2171 220 2209 38
252 2177 437 2207 numatum
469 2171 507 2207 E
525 2168 548 2206 6
571 2181 583 2207 1
614 2176 838 2207 nummatum
869 2165 1048 2214 cett.''3''
1076 2173 1242 2219 florileg).
1276 2171 1525 2208 Nostradam.
1616 2170 1711 2205 Sua-

167 2228 249 2262 dela
278 2227 365 2275 (ποη
395 2226 560 2275 suadela)
591 2223 764 2274 Porph.':
796 2226 930 2262 eordo:
963 2231 999 2262 et
1028 2228 1156 2262 Venus
1188 2227 1367 2271 Suadela3
1400 2227 1560 2262 Suadela
1591 2231 1710 2262 autem

167 2285 355 2331 epitheton
388 2293 445 2319 est
476 2283 657 2318 Veneris'
688 2287 803 2333 92088.
838 2284 890 2321 Γ.·
922 2283 1015 2319 ‘dea
1045 2283 1258 2331 suasionis'
1363 2285 1415 2322 39
1448 2284 1645 2334 Mancupiis
1676 2286 1715 2322 F

167 2337 243 2378 k'6
261 2354 325 2390 pr.
349 2341 396 2390 (et
416 2353 446 2377 π
468 2340 495 2389 1)
526 2341 707 2390 Mancipiis
731 2335 904 2385 cett.'g''‚·
934 2347 979 2388 cf.
1004 2341 1351 2376 EMANCVPATA
1372 2344 1412 2378 in
1433 2344 1608 2389 inscript.
1633 2343 1714 2377 aeui

165 2401 376 2447 Augustani
403 2401 501 2446 apud
531 2399 819 2436 Mommsenium
849 2401 1022 2436 academ.
1056 2400 1231 2437 Berolin.
1255 2404 1333 2436 act.
1364 2398 1471 2436 1863
1497 2411 1541 2446 p.
1565 2398 1650 2437 460

166 2455 271 2506 aeg&
301 2458 339 2494 F
423 2457 493 2493 eris
523 2469 548 2506 γ
635 2455 814 2504 capadocu
844 2467 869 2504 γ
970 2455 1026 2494 40
1056 2456 1129 2493 Nec
1152 2457 1189 2493 E
1215 2456 1266 2493 Ne
1298 2451 1447 2500 cett.'';
1554 2455 1712 2505 chlamy-

167 2513 230 2550 des
251 2507 305 2550 A'
336 2513 504 2551 clamides
522 2526 546 2563 γ
567 2514 605 2549 F
623 2512 643 2548 λ
656 2507 697 2548 '6
717 2525 735 2549 ε
765 2512 961 2549 chlamides
993 2514 1032 2549 Ε
1115 2512 1168 2553 41
1202 2516 1318 2562 possit
1340 2525 1357 2550 ε
1387 2517 1516 2562 posset
1537 2510 1561 2549 6
1591 2513 1713 2558 possit

169 2583 192 2607 ν
212 2569 261 2618 (et
280 2583 310 2607 π
332 2569 359 2618 1)
376 2584 402 2619 y
498 2577 578 2617 post
609 2575 735 2619 posset
767 2580 913 2607 comma
943 2571 1043 2616 ponit
1076 2569 1268 2608 Obbarius
1362 2581 1512 2606 scaenae
1542 2566 1627 2618 A'y
1648 2567 1672 2606 6
1694 2582 1711 2607 ε

167 2626 206 2675 (ν
227 2636 249 2664 σ
267 2626 297 2678 l)
330 2639 438 2677 scene
469 2628 506 2663 F
533 2638 661 2664 scenae
693 2630 781 2663 cett.
886 2626 1038 2675 prebere
1069 2628 1102 2663 A
1122 2640 1146 2676 γ
1247 2626 1301 2664 42
1333 2638 1483 2676 possum
1514 2639 1530 2663 ε
1562 2638 1711 2675 possum

169 2681 282 2722 cett.''
295 2681 333 2729 ς’
335 2681 488 2722 'schL
513 2683 551 2719 Γ
577 2683 713 2730 possim
742 2695 769 2731 y
792 2679 981 2733 [Gronou.
1005 2694 1019 2721 1
1040 2689 1082 2722 ut
1102 2680 1199 2734 αἰῶ]
1225 2683 1417 2732 Cruquzus
1499 2678 1570 2735 ait]
1604 2686 1709 2721 omis.

169 2738 192 2778 6
220 2754 283 2789 pr.
315 2744 363 2779 ait
393 2753 410 2778 ε
441 2738 545 2792 (assit
574 2740 616 2788 π)
733 2751 882 2789 queram
913 2741 992 2791 Εγ
1109 2738 1218 2792 quot]
1253 2740 1353 2789 quod
1385 2741 1423 2777 E
1442 2745 1556 2788 ψρν.
1588 2740 1626 2788 (ν
1644 2754 1710 2789 pr.

169 2803 237 2835 aut
269 2809 281 2836 1
310 2798 348 2848 9)
379 2811 410 2835 ω
440 2811 522 2845 opp.
555 2799 662 2834 etiam
693 2809 789 2835 omn.
825 2798 966 2835 Bland.
1065 2797 1118 2836 43
1151 2794 1253 2848 post]
1288 2810 1307 2846 p
1326 2797 1457 2834 ΕΕλ
1550 2798 1646 2835 milia
1677 2799 1716 2835 Ε

166 2867 208 2903 p.
238 2867 319 2893 ras.
351 2852 530 2900 cett.''‹;''
560 2855 668 2892 millia
700 2856 738 2891 E
766 2867 802 2891 α.
837 2865 918 2891 ras.

241 2941 429 2965 nonai-ivs
448 2943 479 2965 11
497 2940 523 2966 2.
1464 2934 1506 2965 15
