<?xml version="1.0" encoding="UTF-8"?>
<!DOCTYPE html PUBLIC "-//W3C//DTD XHTML 1.0 Transitional//EN"
    "http://www.w3.org/TR/xhtml1/DTD/xhtml1-transitional.dtd">
<html xmlns="http://www.w3.org/1999/xhtml" xml:lang="en" lang="en">
 <head>
  <title>
</title>
<meta http-equiv="Content-Type" content="text/html;charset=utf-8" />
  <meta name='ocr-system' content='tesseract 3.04.00' />
  <meta name='ocr-capabilities' content='ocr_page ocr_carea ocr_par ocr_line ocrx_word'/>
</head>
<body>
  <div class='ocr_page' id='page_1' title='image "./operahor02horauoft_0244.png"; bbox 0 0 1890 3106; ppageno 0'>
   <div class='ocr_carea' id='block_1_1' title="bbox 209 148 1212 194">
    <p class='ocr_par' dir='ltr' id='par_1_1' title="bbox 209 148 1212 194">
     <span class='ocr_line' id='line_1_1' title="bbox 209 148 1212 194; baseline 0.003 -4"><span class='ocrx_word' id='word_1_1' title='bbox 209 148 296 191; x_wconf 83' lang='grc'><strong>210</strong></span> <span class='ocrx_word' id='word_1_2' title='bbox 729 163 891 191; x_wconf 72' lang='grc' dir='ltr'>ΗΟΒΑΤΙ</span> <span class='ocrx_word' id='word_1_3' title='bbox 921 165 1212 194; x_wconf 76' lang='lat' dir='ltr'>EPISTVLARVM</span> 
     </span>
    </p>
   </div>
   <div class='ocr_carea' id='block_1_2' title="bbox 314 256 1742 1285">
    <p class='ocr_par' dir='ltr' id='par_1_2' title="bbox 314 256 1212 329">
     <span class='ocr_line' id='line_1_2' title="bbox 314 256 1212 329; baseline 0.004 -16"><span class='ocrx_word' id='word_1_4' title='bbox 314 256 502 314; x_wconf 57' lang='lat' dir='ltr'><strong>⁸fastidire</strong></span> <span class='ocrx_word' id='word_1_5' title='bbox 532 274 642 314; x_wconf 85' lang='lat' dir='ltr'><strong>lacus</strong></span> <span class='ocrx_word' id='word_1_6' title='bbox 673 278 712 313; x_wconf 87' lang='lat' dir='ltr'><strong>et</strong></span> <span class='ocrx_word' id='word_1_7' title='bbox 740 275 851 314; x_wconf 90' lang='lat' dir='ltr'><strong>riuos</strong></span> <span class='ocrx_word' id='word_1_8' title='bbox 881 287 1000 316; x_wconf 89' lang='lat' dir='ltr'><strong>ausus</strong></span> <span class='ocrx_word' id='word_1_9' title='bbox 1029 278 1212 329; x_wconf 78' lang='lat' dir='ltr'><strong>apertos?</strong></span> 
     </span>
    </p>

    <p class='ocr_par' dir='ltr' id='par_1_3' title="bbox 325 347 1394 393">
     <span class='ocr_line' id='line_1_3' title="bbox 325 347 1394 393; baseline 0.005 -5"><span class='ocrx_word' id='word_1_10' title='bbox 325 352 368 388; x_wconf 90' lang='lat' dir='ltr'><strong>ut</strong></span> <span class='ocrx_word' id='word_1_11' title='bbox 398 348 527 388; x_wconf 77' lang='lat' dir='ltr'><strong>ualet?</strong></span> <span class='ocrx_word' id='word_1_12' title='bbox 556 353 600 387; x_wconf 87' lang='lat' dir='ltr'><strong>ut</strong></span> <span class='ocrx_word' id='word_1_13' title='bbox 628 348 810 388; x_wconf 80' lang='lat' dir='ltr'><strong>meminit</strong></span> <span class='ocrx_word' id='word_1_14' title='bbox 840 350 988 389; x_wconf 81' lang='lat' dir='ltr'><strong>nostri?</strong></span> <span class='ocrx_word' id='word_1_15' title='bbox 1019 350 1214 391; x_wconf 87' lang='lat' dir='ltr'><strong>fidibusne</strong></span> <span class='ocrx_word' id='word_1_16' title='bbox 1245 347 1394 393; x_wconf 85' lang='lat' dir='ltr'><strong>Latinis</strong></span> 
     </span>
    </p>

    <p class='ocr_par' dir='ltr' id='par_1_4' title="bbox 324 420 1380 477">
     <span class='ocr_line' id='line_1_4' title="bbox 324 420 1380 477; baseline 0.006 -17"><span class='ocrx_word' id='word_1_17' title='bbox 324 420 535 461; x_wconf 82' lang='lat' dir='ltr'>Thebanos</span> <span class='ocrx_word' id='word_1_18' title='bbox 565 425 702 474; x_wconf 85' lang='lat' dir='ltr'><strong>aptare</strong></span> <span class='ocrx_word' id='word_1_19' title='bbox 733 421 872 462; x_wconf 91' lang='lat' dir='ltr'><strong>modos</strong></span> <span class='ocrx_word' id='word_1_20' title='bbox 901 422 1032 464; x_wconf 80' lang='lat' dir='ltr'>studet</span> <span class='ocrx_word' id='word_1_21' title='bbox 1061 426 1222 477; x_wconf 83' lang='lat' dir='ltr'>auspice</span> <span class='ocrx_word' id='word_1_22' title='bbox 1253 426 1380 472; x_wconf 82' lang='lat' dir='ltr'><strong>Musa,</strong></span> 
     </span>
    </p>

    <p class='ocr_par' dir='ltr' id='par_1_5' title="bbox 324 495 1314 549">
     <span class='ocr_line' id='line_1_5' title="bbox 324 495 1314 549; baseline 0.005 -15"><span class='ocrx_word' id='word_1_23' title='bbox 324 507 374 534; x_wconf 91' lang='lat' dir='ltr'><strong>an</strong></span> <span class='ocrx_word' id='word_1_24' title='bbox 405 496 555 547; x_wconf 83' lang='lat' dir='ltr'><strong>tragica</strong></span> <span class='ocrx_word' id='word_1_25' title='bbox 585 495 763 535; x_wconf 85' lang='lat' dir='ltr'><strong>desaeuit</strong></span> <span class='ocrx_word' id='word_1_26' title='bbox 793 501 832 535; x_wconf 91' lang='lat' dir='ltr'><strong>et</strong></span> <span class='ocrx_word' id='word_1_27' title='bbox 862 496 1101 549; x_wconf 83' lang='lat' dir='ltr'><strong>ampullatur</strong></span> <span class='ocrx_word' id='word_1_28' title='bbox 1130 499 1171 538; x_wconf 90' lang='lat' dir='ltr'><strong>in</strong></span> <span class='ocrx_word' id='word_1_29' title='bbox 1202 500 1314 539; x_wconf 81' lang='lat' dir='ltr'><strong>arte?</strong></span> 
     </span>
    </p>

    <p class='ocr_par' dir='ltr' id='par_1_6' title="bbox 325 568 1741 696">
     <span class='ocr_line' id='line_1_6' title="bbox 325 568 1741 626; baseline 0.004 -19"><span class='ocrx_word' id='word_1_30' title='bbox 325 569 420 619; x_wconf 87' lang='lat' dir='ltr'><strong>quid</strong></span> <span class='ocrx_word' id='word_1_31' title='bbox 451 569 548 608; x_wconf 89' lang='lat' dir='ltr'><strong>mihi</strong></span> <span class='ocrx_word' id='word_1_32' title='bbox 579 568 714 609; x_wconf 89' lang='lat' dir='ltr'><strong>Celsus</strong></span> <span class='ocrx_word' id='word_1_33' title='bbox 745 570 843 621; x_wconf 87' lang='lat' dir='ltr'><strong>agit,</strong></span> <span class='ocrx_word' id='word_1_34' title='bbox 875 572 1049 611; x_wconf 86' lang='lat' dir='ltr'><strong>monitus</strong></span> <span class='ocrx_word' id='word_1_35' title='bbox 1079 572 1328 626; x_wconf 87' lang='lat' dir='ltr'><strong>multumque</strong></span> <span class='ocrx_word' id='word_1_36' title='bbox 1359 575 1605 621; x_wconf 86' lang='lat' dir='ltr'><strong>monendus,</strong></span> <span class='ocrx_word' id='word_1_37' title='bbox 1700 581 1741 613; x_wconf 85' lang='lat'><strong>15</strong></span> 
     </span>
     <span class='ocr_line' id='line_1_7' title="bbox 326 643 1287 696; baseline 0.005 -15"><span class='ocrx_word' id='word_1_38' title='bbox 326 643 502 695; x_wconf 77' lang='lat' dir='ltr'><strong>priuatas</strong></span> <span class='ocrx_word' id='word_1_39' title='bbox 532 647 575 682; x_wconf 91' lang='lat' dir='ltr'><strong>ut</strong></span> <span class='ocrx_word' id='word_1_40' title='bbox 605 646 769 694; x_wconf 83' lang='lat' dir='ltr'><strong>quaerat</strong></span> <span class='ocrx_word' id='word_1_41' title='bbox 799 656 894 696; x_wconf 89' lang='lat' dir='ltr'><strong>opes</strong></span> <span class='ocrx_word' id='word_1_42' title='bbox 927 650 966 684; x_wconf 87' lang='lat' dir='ltr'><strong>et</strong></span> <span class='ocrx_word' id='word_1_43' title='bbox 995 652 1158 696; x_wconf 88' lang='lat' dir='ltr'><strong>tangere</strong></span> <span class='ocrx_word' id='word_1_44' title='bbox 1188 648 1287 686; x_wconf 88' lang='lat' dir='ltr'><strong>uitet</strong></span> 
     </span>
    </p>

    <p class='ocr_par' dir='ltr' id='par_1_7' title="bbox 324 716 1375 773">
     <span class='ocr_line' id='line_1_8' title="bbox 324 716 1375 773; baseline 0.006 -18"><span class='ocrx_word' id='word_1_45' title='bbox 324 717 471 768; x_wconf 85' lang='lat' dir='ltr'><strong>scripta</strong></span> <span class='ocrx_word' id='word_1_46' title='bbox 501 716 700 757; x_wconf 87' lang='lat' dir='ltr'><strong>Palatinus</strong></span> <span class='ocrx_word' id='word_1_47' title='bbox 731 728 1004 771; x_wconf 78' lang='lat' dir='ltr'><strong>quaecumque</strong></span> <span class='ocrx_word' id='word_1_48' title='bbox 1035 721 1187 773; x_wconf 82' lang='lat' dir='ltr'><strong>recepit</strong></span> <span class='ocrx_word' id='word_1_49' title='bbox 1215 720 1375 773; x_wconf 91' lang='lat' dir='ltr'><strong>Apollo,</strong></span> 
     </span>
    </p>

    <p class='ocr_par' dir='ltr' id='par_1_8' title="bbox 326 791 1269 844">
     <span class='ocr_line' id='line_1_9' title="bbox 326 791 1269 844; baseline 0.004 -14"><span class='ocrx_word' id='word_1_50' title='bbox 326 803 396 840; x_wconf 91' lang='lat' dir='ltr'><strong>ne,</strong></span> <span class='ocrx_word' id='word_1_51' title='bbox 427 791 458 830; x_wconf 90' lang='lat' dir='ltr'><strong>si</strong></span> <span class='ocrx_word' id='word_1_52' title='bbox 489 791 591 830; x_wconf 83' lang='lat' dir='ltr'><strong>sorte</strong></span> <span class='ocrx_word' id='word_1_53' title='bbox 623 803 715 831; x_wconf 91' lang='lat' dir='ltr'><strong>suas</strong></span> <span class='ocrx_word' id='word_1_54' title='bbox 745 791 956 844; x_wconf 84' lang='lat' dir='ltr'><strong>repetitum</strong></span> <span class='ocrx_word' id='word_1_55' title='bbox 987 795 1145 833; x_wconf 87' lang='lat' dir='ltr'><strong>uenerit</strong></span> <span class='ocrx_word' id='word_1_56' title='bbox 1175 793 1269 834; x_wconf 92' lang='lat' dir='ltr'><strong>olim</strong></span> 
     </span>
    </p>

    <p class='ocr_par' dir='ltr' id='par_1_9' title="bbox 325 864 1370 916">
     <span class='ocr_line' id='line_1_10' title="bbox 325 864 1370 916; baseline 0.005 -13"><span class='ocrx_word' id='word_1_57' title='bbox 325 875 422 915; x_wconf 84' lang='lat' dir='ltr'><strong>grex</strong></span> <span class='ocrx_word' id='word_1_58' title='bbox 453 865 586 904; x_wconf 86' lang='lat' dir='ltr'><strong>auium</strong></span> <span class='ocrx_word' id='word_1_59' title='bbox 617 864 792 916; x_wconf 89' lang='lat' dir='ltr'><strong>plumas,</strong></span> <span class='ocrx_word' id='word_1_60' title='bbox 825 871 982 905; x_wconf 87' lang='lat' dir='ltr'><strong>moueat</strong></span> <span class='ocrx_word' id='word_1_61' title='bbox 1013 867 1213 906; x_wconf 85' lang='lat' dir='ltr'><strong>cornicula</strong></span> <span class='ocrx_word' id='word_1_62' title='bbox 1244 869 1370 908; x_wconf 89' lang='lat' dir='ltr'><strong>risum</strong></span> 
     </span>
    </p>

    <p class='ocr_par' dir='ltr' id='par_1_10' title="bbox 324 937 1742 1140">
     <span class='ocr_line' id='line_1_11' title="bbox 324 937 1742 992; baseline 0.004 -16"><span class='ocrx_word' id='word_1_63' title='bbox 324 938 484 977; x_wconf 79' lang='lat' dir='ltr'><strong>furtiuis</strong></span> <span class='ocrx_word' id='word_1_64' title='bbox 514 937 658 977; x_wconf 83' lang='lat' dir='ltr'><strong>nudata</strong></span> <span class='ocrx_word' id='word_1_65' title='bbox 690 937 913 978; x_wconf 76' lang='lat' dir='ltr'><strong>coloribus?</strong></span> <span class='ocrx_word' id='word_1_66' title='bbox 964 940 1048 992; x_wconf 85' lang='lat' dir='ltr'><strong>ipse</strong></span> <span class='ocrx_word' id='word_1_67' title='bbox 1080 940 1173 991; x_wconf 86' lang='lat' dir='ltr'><strong>quid</strong></span> <span class='ocrx_word' id='word_1_68' title='bbox 1204 941 1351 981; x_wconf 81' lang='lat' dir='ltr'><strong>audes?</strong></span> <span class='ocrx_word' id='word_1_69' title='bbox 1697 950 1742 982; x_wconf 84' lang='lat'><strong>20</strong></span> 
     </span>
     <span class='ocr_line' id='line_1_12' title="bbox 326 1011 1518 1067; baseline 0.005 -17"><span class='ocrx_word' id='word_1_70' title='bbox 326 1023 425 1063; x_wconf 83' lang='lat' dir='ltr'><strong>quae</strong></span> <span class='ocrx_word' id='word_1_71' title='bbox 457 1012 608 1051; x_wconf 87' lang='lat' dir='ltr'><strong>circum</strong></span> <span class='ocrx_word' id='word_1_72' title='bbox 639 1011 780 1051; x_wconf 86' lang='lat' dir='ltr'><strong>uolitas</strong></span> <span class='ocrx_word' id='word_1_73' title='bbox 811 1012 922 1064; x_wconf 85' lang='lat' dir='ltr'><strong>agilis</strong></span> <span class='ocrx_word' id='word_1_74' title='bbox 952 1012 1109 1065; x_wconf 81' lang='lat' dir='ltr'><strong>thyma?</strong></span> <span class='ocrx_word' id='word_1_75' title='bbox 1142 1017 1220 1054; x_wconf 76' lang='lat' dir='ltr'><strong>non</strong></span> <span class='ocrx_word' id='word_1_76' title='bbox 1251 1014 1323 1054; x_wconf 87' lang='lat' dir='ltr'><strong>tibi</strong></span> <span class='ocrx_word' id='word_1_77' title='bbox 1353 1027 1518 1067; x_wconf 89' lang='lat' dir='ltr'><strong>paruom</strong></span> 
     </span>
     <span class='ocr_line' id='line_1_13' title="bbox 325 1085 1432 1140; baseline 0.005 -16"><span class='ocrx_word' id='word_1_78' title='bbox 325 1086 546 1136; x_wconf 82' lang='lat' dir='ltr'>ingenium,</span> <span class='ocrx_word' id='word_1_79' title='bbox 575 1097 655 1124; x_wconf 90' lang='lat' dir='ltr'><strong>non</strong></span> <span class='ocrx_word' id='word_1_80' title='bbox 686 1085 876 1124; x_wconf 85' lang='lat' dir='ltr'><strong>incultum</strong></span> <span class='ocrx_word' id='word_1_81' title='bbox 910 1091 969 1126; x_wconf 89' lang='lat' dir='ltr'><strong>est</strong></span> <span class='ocrx_word' id='word_1_82' title='bbox 999 1091 1037 1125; x_wconf 88' lang='lat' dir='ltr'><strong>et</strong></span> <span class='ocrx_word' id='word_1_83' title='bbox 1066 1088 1236 1140; x_wconf 82' lang='lat' dir='ltr'><strong>turpiter</strong></span> <span class='ocrx_word' id='word_1_84' title='bbox 1266 1087 1432 1129; x_wconf 88' lang='lat' dir='ltr'><strong>hirtum:</strong></span> 
     </span>
    </p>

    <p class='ocr_par' dir='ltr' id='par_1_11' title="bbox 326 1157 1271 1210">
     <span class='ocr_line' id='line_1_14' title="bbox 326 1157 1271 1210; baseline 0.003 -12"><span class='ocrx_word' id='word_1_85' title='bbox 326 1170 398 1198; x_wconf 80' lang='lat' dir='ltr'><strong>seu</strong></span> <span class='ocrx_word' id='word_1_86' title='bbox 428 1157 602 1210; x_wconf 81' lang='lat' dir='ltr'><strong>linguam</strong></span> <span class='ocrx_word' id='word_1_87' title='bbox 634 1160 762 1198; x_wconf 87' lang='lat' dir='ltr'><strong>causis</strong></span> <span class='ocrx_word' id='word_1_88' title='bbox 792 1161 901 1199; x_wconf 88' lang='lat' dir='ltr'><strong>acuis</strong></span> <span class='ocrx_word' id='word_1_89' title='bbox 931 1172 1001 1199; x_wconf 90' lang='lat' dir='ltr'><strong>seu</strong></span> <span class='ocrx_word' id='word_1_90' title='bbox 1034 1161 1156 1200; x_wconf 86' lang='lat' dir='ltr'><strong>ciuica</strong></span> <span class='ocrx_word' id='word_1_91' title='bbox 1187 1161 1271 1201; x_wconf 88' lang='lat' dir='ltr'><strong>iura</strong></span> 
     </span>
    </p>

    <p class='ocr_par' dir='ltr' id='par_1_12' title="bbox 326 1232 1399 1285">
     <span class='ocr_line' id='line_1_15' title="bbox 326 1232 1399 1285; baseline 0.004 -14"><span class='ocrx_word' id='word_1_92' title='bbox 326 1232 573 1284; x_wconf 85' lang='lat' dir='ltr'><strong>respondere</strong></span> <span class='ocrx_word' id='word_1_93' title='bbox 603 1245 719 1285; x_wconf 85' lang='lat' dir='ltr'><strong>paras</strong></span> <span class='ocrx_word' id='word_1_94' title='bbox 749 1245 820 1272; x_wconf 91' lang='lat' dir='ltr'><strong>seu</strong></span> <span class='ocrx_word' id='word_1_95' title='bbox 851 1233 990 1273; x_wconf 85' lang='lat' dir='ltr'><strong>condis</strong></span> <span class='ocrx_word' id='word_1_96' title='bbox 1021 1234 1188 1274; x_wconf 84' lang='lat' dir='ltr'><strong>amabile</strong></span> <span class='ocrx_word' id='word_1_97' title='bbox 1219 1247 1399 1282; x_wconf 84' lang='lat' dir='ltr'><strong>carmen,</strong></span> 
     </span>
    </p>
   </div>
   <div class='ocr_carea' id='block_1_3' title="bbox 214 1398 484 1402">
    <p class='ocr_par' dir='ltr' id='par_1_13' title="bbox 214 1398 484 1402">
     <span class='ocr_line' id='line_1_16' title="bbox 214 1398 484 1402; baseline 0 0"><span class='ocrx_word' id='word_1_98' title='bbox 214 1398 484 1402; x_wconf 95' lang='lat' dir='ltr'><strong> </strong></span> 
     </span>
    </p>
   </div>
   <div class='ocr_carea' id='block_1_4' title="bbox 213 1299 1782 1567">
    <p class='ocr_par' dir='ltr' id='par_1_14' title="bbox 213 1299 1782 1567">
     <span class='ocr_line' id='line_1_17' title="bbox 326 1299 1782 1361; baseline 0.005 -16"><span class='ocrx_word' id='word_1_99' title='bbox 326 1307 454 1358; x_wconf 85' lang='lat' dir='ltr'><strong>prima</strong></span> <span class='ocrx_word' id='word_1_100' title='bbox 484 1307 590 1346; x_wconf 77' lang='lat' dir='ltr'><strong>feres</strong></span> <span class='ocrx_word' id='word_1_101' title='bbox 618 1305 790 1357; x_wconf 84' lang='lat' dir='ltr'><strong>hederae</strong></span> <span class='ocrx_word' id='word_1_102' title='bbox 820 1307 997 1347; x_wconf 80' lang='lat' dir='ltr'><strong>uictricis</strong></span> <span class='ocrx_word' id='word_1_103' title='bbox 1027 1299 1216 1360; x_wconf 84' lang='lat' dir='ltr'><strong>praemia.</strong></span> <span class='ocrx_word' id='word_1_104' title='bbox 1256 1309 1396 1361; x_wconf 86' lang='lat' dir='ltr'><strong>quodsi</strong></span> <span class='ocrx_word' id='word_1_105' title='bbox 1699 1318 1743 1352; x_wconf 77' lang='lat'><strong>25</strong></span> <span class='ocrx_word' id='word_1_106' title='bbox 1779 1342 1782 1346; x_wconf 79' lang='grc'><em>.</em></span> 
     </span>
     <span class='ocr_line' id='line_1_18' title="bbox 213 1466 484 1494; baseline -0.004 0"><span class='ocrx_word' id='word_1_107' title='bbox 213 1466 484 1494; x_wconf 80' lang='lat' dir='ltr'>TESTIMONIA.</span> 
     </span>
     <span class='ocr_line' id='line_1_19' title="bbox 307 1521 1566 1567; baseline 0.006 -14"><span class='ocrx_word' id='word_1_108' title='bbox 307 1522 350 1553; x_wconf 83' lang='lat'><strong>14</strong></span> <span class='ocrx_word' id='word_1_109' title='bbox 375 1521 540 1563; x_wconf 74' lang='lat' dir='ltr'><strong>‘tragica</strong></span> <span class='ocrx_word' id='word_1_110' title='bbox 565 1538 603 1543; x_wconf 90' lang='lat'><strong>—</strong></span> <span class='ocrx_word' id='word_1_111' title='bbox 635 1523 738 1553; x_wconf 85' lang='lat' dir='ltr'><strong>arte&#39;</strong></span> <span class='ocrx_word' id='word_1_112' title='bbox 766 1521 988 1563; x_wconf 83' lang='lat' dir='ltr'><strong>glossarium</strong></span> <span class='ocrx_word' id='word_1_113' title='bbox 1010 1523 1086 1555; x_wconf 84' lang='lat' dir='ltr'><strong>Mai</strong></span> <span class='ocrx_word' id='word_1_114' title='bbox 1110 1523 1253 1557; x_wconf 76' lang='lat' dir='ltr'><strong>classic.</strong></span> <span class='ocrx_word' id='word_1_115' title='bbox 1281 1527 1380 1556; x_wconf 87' lang='lat' dir='ltr'><strong>auet.</strong></span> <span class='ocrx_word' id='word_1_116' title='bbox 1406 1525 1497 1559; x_wconf 92' lang='lat' dir='ltr'>VIII</span> <span class='ocrx_word' id='word_1_117' title='bbox 1520 1527 1566 1567; x_wconf 76' lang='lat'><strong>55</strong></span> 
     </span>
    </p>
   </div>
   <div class='ocr_carea' id='block_1_5' title="bbox 211 1566 1779 2020">
    <p class='ocr_par' dir='ltr' id='par_1_15' title="bbox 211 1566 1779 2020">
     <span class='ocr_line' id='line_1_20' title="bbox 307 1566 1743 1612; baseline 0.005 -13"><span class='ocrx_word' id='word_1_118' title='bbox 307 1568 450 1600; x_wconf 88' lang='grc'>16-20</span> <span class='ocrx_word' id='word_1_119' title='bbox 476 1566 673 1598; x_wconf 80' lang='lat' dir='ltr'><strong>‘Priuatas</strong></span> <span class='ocrx_word' id='word_1_120' title='bbox 696 1583 741 1590; x_wconf 79' lang='lat'><strong>--</strong></span> <span class='ocrx_word' id='word_1_121' title='bbox 767 1566 971 1600; x_wconf 87' lang='lat' dir='ltr'><strong>coloribus&#39;</strong></span> <span class='ocrx_word' id='word_1_122' title='bbox 997 1568 1148 1601; x_wconf 90' lang='lat' dir='ltr'><strong>Reineri</strong></span> <span class='ocrx_word' id='word_1_123' title='bbox 1166 1569 1210 1601; x_wconf 89' lang='lat' dir='ltr'><strong>de</strong></span> <span class='ocrx_word' id='word_1_124' title='bbox 1228 1570 1377 1612; x_wconf 86' lang='lat' dir='ltr'><strong>ineptiis</strong></span> <span class='ocrx_word' id='word_1_125' title='bbox 1397 1571 1587 1604; x_wconf 85' lang='lat' dir='ltr'><strong>cuiusdam</strong></span> <span class='ocrx_word' id='word_1_126' title='bbox 1603 1572 1743 1606; x_wconf 79' lang='lat' dir='ltr'><strong>idiotae</strong></span> 
     </span>
     <span class='ocr_line' id='line_1_21' title="bbox 211 1610 1744 1656; baseline 0.005 -12"><span class='ocrx_word' id='word_1_127' title='bbox 211 1611 329 1644; x_wconf 85' lang='lat' dir='ltr'><strong>libell.</strong></span> <span class='ocrx_word' id='word_1_128' title='bbox 354 1613 374 1644; x_wconf 83' lang='lat'>2</span> <span class='ocrx_word' id='word_1_129' title='bbox 401 1610 509 1654; x_wconf 90' lang='lat' dir='ltr'><strong>[mon.</strong></span> <span class='ocrx_word' id='word_1_130' title='bbox 537 1611 656 1644; x_wconf 87' lang='lat' dir='ltr'><strong>Germ.</strong></span> <span class='ocrx_word' id='word_1_131' title='bbox 684 1611 748 1646; x_wconf 78' lang='lat' dir='ltr'><strong>SS.</strong></span> <span class='ocrx_word' id='word_1_132' title='bbox 774 1611 841 1644; x_wconf 90' lang='lat' dir='ltr'><strong>XX</strong></span> <span class='ocrx_word' id='word_1_133' title='bbox 865 1623 900 1655; x_wconf 88' lang='lat' dir='ltr'><strong>p.</strong></span> <span class='ocrx_word' id='word_1_134' title='bbox 927 1611 1009 1656; x_wconf 85' lang='lat'>603]</span> <span class='ocrx_word' id='word_1_135' title='bbox 1124 1615 1165 1647; x_wconf 83' lang='lat'><strong>17</strong></span> <span class='ocrx_word' id='word_1_136' title='bbox 1193 1614 1240 1646; x_wconf 85' lang='lat' dir='ltr'><strong>ef.</strong></span> <span class='ocrx_word' id='word_1_137' title='bbox 1266 1615 1426 1648; x_wconf 78' lang='lat' dir='ltr'><strong>Ioannes</strong></span> <span class='ocrx_word' id='word_1_138' title='bbox 1452 1616 1744 1652; x_wconf 75' lang='lat' dir='ltr'><strong>Saresberiensis</strong></span> 
     </span>
     <span class='ocr_line' id='line_1_22' title="bbox 215 1656 1779 1706; baseline 0.004 -16"><span class='ocrx_word' id='word_1_139' title='bbox 215 1657 385 1699; x_wconf 79' lang='lat' dir='ltr'><strong>policrat.</strong></span> <span class='ocrx_word' id='word_1_140' title='bbox 413 1656 450 1688; x_wconf 94' lang='lat' dir='ltr'><strong>II</strong></span> <span class='ocrx_word' id='word_1_141' title='bbox 467 1658 528 1689; x_wconf 83' lang='lat'><strong>26:</strong></span> <span class='ocrx_word' id='word_1_142' title='bbox 555 1657 718 1699; x_wconf 78' lang='lat' dir='ltr'><strong>‘scripta</strong></span> <span class='ocrx_word' id='word_1_143' title='bbox 742 1657 936 1690; x_wconf 81' lang='lat' dir='ltr'><strong>Palatinus</strong></span> <span class='ocrx_word' id='word_1_144' title='bbox 962 1669 1025 1700; x_wconf 92' lang='lat' dir='ltr'><strong>qu:</strong></span> <span class='ocrx_word' id='word_1_145' title='bbox 1052 1660 1204 1692; x_wconf 82' lang='lat' dir='ltr'><strong>tenebat</strong></span> <span class='ocrx_word' id='word_1_146' title='bbox 1228 1660 1380 1702; x_wconf 85' lang='lat' dir='ltr'><strong>Apollo’</strong></span> <span class='ocrx_word' id='word_1_147' title='bbox 1475 1662 1608 1696; x_wconf 82' lang='lat'>18——20</span> <span class='ocrx_word' id='word_1_148' title='bbox 1632 1664 1745 1706; x_wconf 80' lang='lat' dir='ltr'><strong>‘quod</strong></span> <span class='ocrx_word' id='word_1_149' title='bbox 1776 1679 1779 1682; x_wconf 63' lang='lat'><strong><em>¹</em></strong></span> 
     </span>
     <span class='ocr_line' id='line_1_23' title="bbox 215 1701 1743 1747; baseline 0.005 -13"><span class='ocrx_word' id='word_1_150' title='bbox 215 1702 318 1745; x_wconf 87' lang='lat' dir='ltr'><strong>(quid</strong></span> <span class='ocrx_word' id='word_1_151' title='bbox 348 1701 536 1745; x_wconf 78' lang='lat' dir='ltr'><strong>Vincent.)</strong></span> <span class='ocrx_word' id='word_1_152' title='bbox 571 1703 602 1734; x_wconf 83' lang='lat' dir='ltr'><strong>si</strong></span> <span class='ocrx_word' id='word_1_153' title='bbox 633 1702 730 1735; x_wconf 78' lang='lat' dir='ltr'><strong>forte</strong></span> <span class='ocrx_word' id='word_1_154' title='bbox 760 1720 805 1726; x_wconf 90' lang='lat'><strong>-—</strong></span> <span class='ocrx_word' id='word_1_155' title='bbox 837 1703 1041 1736; x_wconf 83' lang='lat' dir='ltr'><strong>eoloribus&#39;</strong></span> <span class='ocrx_word' id='word_1_156' title='bbox 1072 1704 1227 1747; x_wconf 87' lang='lat' dir='ltr'><strong>florileg.</strong></span> <span class='ocrx_word' id='word_1_157' title='bbox 1261 1705 1492 1739; x_wconf 82' lang='lat' dir='ltr'><strong>Nostradam.</strong></span> <span class='ocrx_word' id='word_1_158' title='bbox 1526 1708 1743 1742; x_wconf 80' lang='lat' dir='ltr'><strong>Vincentius</strong></span> 
     </span>
     <span class='ocr_line' id='line_1_24' title="bbox 215 1748 1742 1796; baseline 0.005 -16"><span class='ocrx_word' id='word_1_159' title='bbox 215 1748 495 1780; x_wconf 85' lang='lat' dir='ltr'><strong>Bellouaeensis</strong></span> <span class='ocrx_word' id='word_1_160' title='bbox 526 1748 665 1790; x_wconf 88' lang='lat' dir='ltr'><strong>specul.</strong></span> <span class='ocrx_word' id='word_1_161' title='bbox 697 1748 826 1781; x_wconf 79' lang='lat' dir='ltr'><strong>histor.</strong></span> <span class='ocrx_word' id='word_1_162' title='bbox 856 1748 927 1782; x_wconf 91' lang='lat' dir='ltr'><strong>VII</strong></span> <span class='ocrx_word' id='word_1_163' title='bbox 957 1750 1001 1782; x_wconf 87' lang='grc'><strong>68</strong></span> <span class='ocrx_word' id='word_1_164' title='bbox 1117 1751 1159 1782; x_wconf 87' lang='grc'><strong>18</strong></span> <span class='ocrx_word' id='word_1_165' title='bbox 1184 1761 1237 1792; x_wconf 86' lang='lat' dir='ltr'><strong>sq.</strong></span> <span class='ocrx_word' id='word_1_166' title='bbox 1271 1751 1317 1783; x_wconf 87' lang='lat' dir='ltr'><strong>cf.</strong></span> <span class='ocrx_word' id='word_1_167' title='bbox 1343 1750 1509 1785; x_wconf 83' lang='lat' dir='ltr'><strong>Auianus</strong></span> <span class='ocrx_word' id='word_1_168' title='bbox 1538 1753 1613 1786; x_wconf 82' lang='lat' dir='ltr'><strong>fab.</strong></span> <span class='ocrx_word' id='word_1_169' title='bbox 1639 1755 1677 1796; x_wconf 83' lang='lat'><strong>5,</strong></span> <span class='ocrx_word' id='word_1_170' title='bbox 1703 1757 1742 1788; x_wconf 88' lang='lat'><strong>3:</strong></span> 
     </span>
     <span class='ocr_line' id='line_1_25' title="bbox 214 1793 1743 1835; baseline 0.005 -10"><span class='ocrx_word' id='word_1_171' title='bbox 214 1796 288 1826; x_wconf 76' lang='lat' dir='ltr'><strong>‘ne</strong></span> <span class='ocrx_word' id='word_1_172' title='bbox 316 1793 484 1826; x_wconf 81' lang='lat' dir='ltr'><strong>detracta</strong></span> <span class='ocrx_word' id='word_1_173' title='bbox 509 1803 659 1835; x_wconf 86' lang='lat' dir='ltr'><strong>grauem</strong></span> <span class='ocrx_word' id='word_1_174' title='bbox 677 1794 820 1826; x_wconf 84' lang='lat' dir='ltr'><strong>faciant</strong></span> <span class='ocrx_word' id='word_1_175' title='bbox 843 1794 1043 1827; x_wconf 84' lang='lat' dir='ltr'><strong>miracula</strong></span> <span class='ocrx_word' id='word_1_176' title='bbox 1067 1795 1226 1827; x_wconf 78' lang='lat' dir='ltr'><strong>risum&gt;</strong></span> <span class='ocrx_word' id='word_1_177' title='bbox 1300 1798 1340 1829; x_wconf 88' lang='lat'><strong>19</strong></span> <span class='ocrx_word' id='word_1_178' title='bbox 1366 1800 1535 1830; x_wconf 80' lang='lat' dir='ltr'><strong>‘moueat</strong></span> <span class='ocrx_word' id='word_1_179' title='bbox 1550 1816 1594 1822; x_wconf 98' lang='lat'><strong>—</strong></span> <span class='ocrx_word' id='word_1_180' title='bbox 1611 1799 1743 1833; x_wconf 87' lang='lat' dir='ltr'><strong>risum’</strong></span> 
     </span>
     <span class='ocr_line' id='line_1_26' title="bbox 215 1838 1744 1885; baseline 0.005 -14"><span class='ocrx_word' id='word_1_181' title='bbox 215 1839 365 1871; x_wconf 82' lang='lat' dir='ltr'><strong>Seruius</strong></span> <span class='ocrx_word' id='word_1_182' title='bbox 390 1838 436 1871; x_wconf 87' lang='lat' dir='ltr'><strong>ad</strong></span> <span class='ocrx_word' id='word_1_183' title='bbox 459 1839 549 1872; x_wconf 90' lang='lat' dir='ltr'><strong>Aen.</strong></span> <span class='ocrx_word' id='word_1_184' title='bbox 575 1838 628 1871; x_wconf 93' lang='lat' dir='ltr'><strong>XI</strong></span> <span class='ocrx_word' id='word_1_185' title='bbox 653 1840 718 1871; x_wconf 84' lang='grc'><strong>522</strong></span> <span class='ocrx_word' id='word_1_186' title='bbox 842 1841 989 1873; x_wconf 83' lang='grc'>23--25</span> <span class='ocrx_word' id='word_1_187' title='bbox 1020 1843 1108 1873; x_wconf 78' lang='lat' dir='ltr'><strong>‘seu</strong></span> <span class='ocrx_word' id='word_1_188' title='bbox 1140 1841 1258 1874; x_wconf 82' lang='lat' dir='ltr'><strong>ciuica</strong></span> <span class='ocrx_word' id='word_1_189' title='bbox 1282 1858 1326 1865; x_wconf 82' lang='lat'>—</span> <span class='ocrx_word' id='word_1_190' title='bbox 1350 1843 1466 1885; x_wconf 84' lang='lat' dir='ltr'><strong>prima</strong></span> <span class='ocrx_word' id='word_1_191' title='bbox 1498 1843 1596 1877; x_wconf 82' lang='lat' dir='ltr'><strong>feres</strong></span> <span class='ocrx_word' id='word_1_192' title='bbox 1618 1844 1744 1878; x_wconf 83' lang='lat' dir='ltr'><strong>hercle</strong></span> 
     </span>
     <span class='ocr_line' id='line_1_27' title="bbox 215 1884 1743 1932; baseline 0.004 -16"><span class='ocrx_word' id='word_1_193' title='bbox 215 1884 384 1916; x_wconf 80' lang='lat' dir='ltr'><strong>uictricis</strong></span> <span class='ocrx_word' id='word_1_194' title='bbox 410 1885 574 1927; x_wconf 85' lang='lat' dir='ltr'><strong>praemia</strong></span> <span class='ocrx_word' id='word_1_195' title='bbox 598 1885 767 1927; x_wconf 87' lang='lat' dir='ltr'><strong>palmae&#39;</strong></span> <span class='ocrx_word' id='word_1_196' title='bbox 799 1884 1057 1918; x_wconf 81' lang='lat' dir='ltr'><strong>Pseudoaoron</strong></span> <span class='ocrx_word' id='word_1_197' title='bbox 1084 1886 1255 1929; x_wconf 81' lang='lat' dir='ltr'><strong>uolgatus</strong></span> <span class='ocrx_word' id='word_1_198' title='bbox 1282 1886 1561 1931; x_wconf 82' lang='lat' dir='ltr'><strong>(Wolfenbutt.)</strong></span> <span class='ocrx_word' id='word_1_199' title='bbox 1588 1901 1620 1924; x_wconf 83' lang='lat' dir='ltr'><strong>c.</strong></span> <span class='ocrx_word' id='word_1_200' title='bbox 1645 1890 1662 1922; x_wconf 93' lang='lat'>1</span> <span class='ocrx_word' id='word_1_201' title='bbox 1689 1892 1743 1932; x_wconf 86' lang='lat'><strong>10,</strong></span> 
     </span>
     <span class='ocr_line' id='line_1_28' title="bbox 217 1929 1744 1978; baseline 0.005 -17"><span class='ocrx_word' id='word_1_202' title='bbox 217 1931 253 1970; x_wconf 77' lang='lat'><strong>13</strong></span> <span class='ocrx_word' id='word_1_203' title='bbox 278 1940 351 1962; x_wconf 90' lang='lat' dir='ltr'><strong>non</strong></span> <span class='ocrx_word' id='word_1_204' title='bbox 376 1933 501 1962; x_wconf 82' lang='lat' dir='ltr'><strong>noster</strong></span> <span class='ocrx_word' id='word_1_205' title='bbox 524 1929 605 1961; x_wconf 79' lang='lat' dir='ltr'><strong>Aer.</strong></span> <span class='ocrx_word' id='word_1_206' title='bbox 714 1931 758 1962; x_wconf 83' lang='lat'><strong>24</strong></span> <span class='ocrx_word' id='word_1_207' title='bbox 781 1930 1041 1964; x_wconf 80' lang='lat' dir='ltr'><strong>Pseudoacron</strong></span> <span class='ocrx_word' id='word_1_208' title='bbox 1066 1931 1241 1974; x_wconf 80' lang='lat' dir='ltr'><strong>uolgatus</strong></span> <span class='ocrx_word' id='word_1_209' title='bbox 1267 1932 1314 1964; x_wconf 84' lang='lat' dir='ltr'><strong>ad</strong></span> <span class='ocrx_word' id='word_1_210' title='bbox 1339 1935 1408 1971; x_wconf 76' lang='lat' dir='ltr'><strong>art.</strong></span> <span class='ocrx_word' id='word_1_211' title='bbox 1435 1938 1533 1976; x_wconf 83' lang='lat' dir='ltr'><strong>poet.</strong></span> <span class='ocrx_word' id='word_1_212' title='bbox 1558 1936 1644 1978; x_wconf 85' lang='lat'><strong>436,</strong></span> <span class='ocrx_word' id='word_1_213' title='bbox 1669 1946 1744 1968; x_wconf 86' lang='lat' dir='ltr'><strong>non</strong></span> 
     </span>
     <span class='ocr_line' id='line_1_29' title="bbox 214 1976 1524 2020; baseline 0.003 -13"><span class='ocrx_word' id='word_1_214' title='bbox 214 1977 341 2007; x_wconf 79' lang='lat' dir='ltr'><strong>noster</strong></span> <span class='ocrx_word' id='word_1_215' title='bbox 366 1976 447 2009; x_wconf 83' lang='lat' dir='ltr'><strong>Aer.</strong></span> <span class='ocrx_word' id='word_1_216' title='bbox 541 1976 688 2009; x_wconf 83' lang='lat'>25—29</span> <span class='ocrx_word' id='word_1_217' title='bbox 713 1976 840 2018; x_wconf 79' lang='lat' dir='ltr'><strong>‘Quod</strong></span> <span class='ocrx_word' id='word_1_218' title='bbox 865 1977 898 2008; x_wconf 86' lang='lat' dir='ltr'><strong>si</strong></span> <span class='ocrx_word' id='word_1_219' title='bbox 923 1994 964 2000; x_wconf 95' lang='lat'><strong>—-</strong></span> <span class='ocrx_word' id='word_1_220' title='bbox 991 1977 1086 2009; x_wconf 85' lang='lat' dir='ltr'><strong>eari&#39;</strong></span> <span class='ocrx_word' id='word_1_221' title='bbox 1112 1977 1266 2020; x_wconf 83' lang='lat' dir='ltr'><strong>florileg.</strong></span> <span class='ocrx_word' id='word_1_222' title='bbox 1293 1978 1524 2012; x_wconf 80' lang='lat' dir='ltr'><strong>Nostradam.</strong></span> 
     </span>
    </p>
   </div>
   <div class='ocr_carea' id='block_1_6' title="bbox 215 2061 486 2065">
    <p class='ocr_par' dir='ltr' id='par_1_16' title="bbox 215 2061 486 2065">
     <span class='ocr_line' id='line_1_30' title="bbox 215 2061 486 2065; baseline 0 0"><span class='ocrx_word' id='word_1_223' title='bbox 215 2061 486 2065; x_wconf 95' lang='lat' dir='ltr'><strong> </strong></span> 
     </span>
    </p>
   </div>
   <div class='ocr_carea' id='block_1_7' title="bbox 213 2135 541 2164">
    <p class='ocr_par' dir='ltr' id='par_1_17' title="bbox 213 2135 541 2164">
     <span class='ocr_line' id='line_1_31' title="bbox 213 2135 541 2164; baseline -0.009 0"><span class='ocrx_word' id='word_1_224' title='bbox 213 2135 343 2164; x_wconf 84' lang='lat' dir='ltr'>VARIA</span> <span class='ocrx_word' id='word_1_225' title='bbox 371 2135 541 2163; x_wconf 80' lang='lat' dir='ltr'>LEOTIO.</span> 
     </span>
    </p>
   </div>
   <div class='ocr_carea' id='block_1_8' title="bbox 216 2192 1782 2336">
    <p class='ocr_par' dir='ltr' id='par_1_18' title="bbox 216 2192 1782 2336">
     <span class='ocr_line' id='line_1_32' title="bbox 331 2192 1744 2253; baseline 0.006 -25"><span class='ocrx_word' id='word_1_226' title='bbox 331 2192 382 2229; x_wconf 83' lang='lat'><strong>12</strong></span> <span class='ocrx_word' id='word_1_227' title='bbox 414 2193 460 2229; x_wconf 90' lang='lat' dir='ltr'><strong>Vt</strong></span> <span class='ocrx_word' id='word_1_228' title='bbox 489 2194 588 2229; x_wconf 85' lang='lat' dir='ltr'><strong>ualet</strong></span> <span class='ocrx_word' id='word_1_229' title='bbox 618 2204 636 2230; x_wconf 87' lang='grc' dir='ltr'><em>ε</em></span> <span class='ocrx_word' id='word_1_230' title='bbox 730 2193 835 2230; x_wconf 82' lang='lat' dir='ltr'><strong>minit</strong></span> <span class='ocrx_word' id='word_1_231' title='bbox 863 2206 881 2230; x_wconf 84' lang='grc' dir='ltr'><em>ε</em></span> <span class='ocrx_word' id='word_1_232' title='bbox 978 2193 1030 2230; x_wconf 87' lang='grc'><strong>14</strong></span> <span class='ocrx_word' id='word_1_233' title='bbox 1062 2195 1223 2244; x_wconf 79' lang='lat' dir='ltr'><strong>thragica</strong></span> <span class='ocrx_word' id='word_1_234' title='bbox 1247 2196 1293 2253; x_wconf 20' lang='lat' dir='ltr'><strong>‘E</strong></span> <span class='ocrx_word' id='word_1_235' title='bbox 1320 2197 1428 2233; x_wconf 82' lang='lat' dir='ltr'><strong>traica</strong></span> <span class='ocrx_word' id='word_1_236' title='bbox 1458 2198 1491 2234; x_wconf 86' lang='grc' dir='ltr'><em>Α</em></span> <span class='ocrx_word' id='word_1_237' title='bbox 1583 2197 1744 2236; x_wconf 81' lang='lat' dir='ltr'><strong>desaeuit</strong></span> 
     </span>
     <span class='ocr_line' id='line_1_33' title="bbox 216 2251 1782 2336; baseline 0.005 -18"><span class='ocrx_word' id='word_1_238' title='bbox 216 2284 254 2320; x_wconf 87' lang='grc' dir='ltr'><em>Ε</em></span> <span class='ocrx_word' id='word_1_239' title='bbox 271 2296 302 2332; x_wconf 83' lang='grc' dir='ltr'><strong><em>φ</em></strong></span> <span class='ocrx_word' id='word_1_240' title='bbox 324 2282 377 2331; x_wconf 86' lang='grc' dir='ltr'><strong>(α)</strong></span> <span class='ocrx_word' id='word_1_241' title='bbox 408 2283 549 2319; x_wconf 88' lang='lat' dir='ltr'><strong>deseuit</strong></span> <span class='ocrx_word' id='word_1_242' title='bbox 578 2276 677 2320; x_wconf 58' lang='lat' dir='ltr'><strong>cens</strong></span> <span class='ocrx_word' id='word_1_243' title='bbox 698 2279 750 2329; x_wconf 71' lang='lat'><strong>3⁰</strong></span> <span class='ocrx_word' id='word_1_244' title='bbox 837 2281 955 2332; x_wconf 64' lang='lat' dir='ltr'><strong>aurtes</strong></span> <span class='ocrx_word' id='word_1_245' title='bbox 986 2297 1011 2334; x_wconf 82' lang='grc' dir='ltr'><em>γ</em></span> <span class='ocrx_word' id='word_1_246' title='bbox 1101 2286 1151 2323; x_wconf 85' lang='grc'><strong>15</strong></span> <span class='ocrx_word' id='word_1_247' title='bbox 1182 2251 1283 2335; x_wconf 43' lang='lat' dir='ltr'><strong>{1²¹th}</strong></span> <span class='ocrx_word' id='word_1_248' title='bbox 1313 2256 1362 2323; x_wconf 48' lang='lat' dir='ltr'><strong>alt</strong></span> <span class='ocrx_word' id='word_1_249' title='bbox 1391 2283 1416 2323; x_wconf 82' lang='grc' dir='ltr'><em>ὃ</em></span> <span class='ocrx_word' id='word_1_250' title='bbox 1446 2288 1521 2336; x_wconf 81' lang='lat' dir='ltr'><strong>agit</strong></span> <span class='ocrx_word' id='word_1_251' title='bbox 1551 2283 1663 2326; x_wconf 83' lang='lat' dir='ltr'><strong>cett.&#39;&#39;</strong></span> <span class='ocrx_word' id='word_1_252' title='bbox 1691 2285 1743 2334; x_wconf 87' lang='grc' dir='ltr'><strong>ς”</strong></span> <span class='ocrx_word' id='word_1_253' title='bbox 1770 2318 1782 2326; x_wconf 85' lang='grc'><em>.</em></span> 
     </span>
    </p>
   </div>
   <div class='ocr_carea' id='block_1_9' title="bbox 214 2346 1742 2416">
    <p class='ocr_par' dir='ltr' id='par_1_19' title="bbox 214 2346 1742 2416">
     <span class='ocr_line' id='line_1_34' title="bbox 214 2346 1742 2416; baseline 0.006 -19"><span class='ocrx_word' id='word_1_254' title='bbox 214 2355 326 2410; x_wconf 69' lang='grc' dir='ltr'><strong>ΡρΙι.1</strong></span> <span class='ocrx_word' id='word_1_255' title='bbox 460 2362 510 2399; x_wconf 87' lang='grc'><strong>16</strong></span> <span class='ocrx_word' id='word_1_256' title='bbox 542 2368 669 2410; x_wconf 88' lang='lat' dir='ltr'><strong>querat</strong></span> <span class='ocrx_word' id='word_1_257' title='bbox 699 2363 738 2398; x_wconf 86' lang='lat' dir='ltr'><em>E</em></span> <span class='ocrx_word' id='word_1_258' title='bbox 754 2375 777 2411; x_wconf 80' lang='grc' dir='ltr'><em>γ</em></span> <span class='ocrx_word' id='word_1_259' title='bbox 798 2362 820 2398; x_wconf 85' lang='grc' dir='ltr'><em>λ</em></span> <span class='ocrx_word' id='word_1_260' title='bbox 922 2346 1012 2401; x_wconf 60' lang='lat' dir='ltr'><strong>uitae5</strong></span> <span class='ocrx_word' id='word_1_261' title='bbox 1037 2377 1068 2412; x_wconf 86' lang='grc' dir='ltr'><strong><em>φ</em></strong></span> <span class='ocrx_word' id='word_1_262' title='bbox 1164 2365 1215 2403; x_wconf 89' lang='grc'><strong>19</strong></span> <span class='ocrx_word' id='word_1_263' title='bbox 1246 2366 1430 2402; x_wconf 78' lang='lat' dir='ltr'><strong>cornicula</strong></span> <span class='ocrx_word' id='word_1_264' title='bbox 1459 2363 1534 2403; x_wconf 67' lang='lat'><strong>52⁰</strong></span> <span class='ocrx_word' id='word_1_265' title='bbox 1557 2362 1608 2411; x_wconf 88' lang='grc' dir='ltr'><strong>ς”</strong></span> <span class='ocrx_word' id='word_1_266' title='bbox 1635 2369 1742 2416; x_wconf 79' lang='lat' dir='ltr'><strong>flori-</strong></span> 
     </span>
    </p>
   </div>
   <div class='ocr_carea' id='block_1_10' title="bbox 212 2419 1742 2473">
    <p class='ocr_par' dir='ltr' id='par_1_20' title="bbox 212 2419 1742 2473">
     <span class='ocr_line' id='line_1_35' title="bbox 212 2419 1742 2473; baseline 0.004 -17"><span class='ocrx_word' id='word_1_267' title='bbox 212 2421 288 2468; x_wconf 75' lang='lat' dir='ltr'><strong>ley.</strong></span> <span class='ocrx_word' id='word_1_268' title='bbox 321 2419 567 2456; x_wconf 83' lang='lat' dir='ltr'><strong>Nostradam.</strong></span> <span class='ocrx_word' id='word_1_269' title='bbox 600 2420 795 2456; x_wconf 80' lang='lat' dir='ltr'><strong>Reinerus</strong></span> <span class='ocrx_word' id='word_1_270' title='bbox 824 2420 1020 2466; x_wconf 84' lang='lat' dir='ltr'><strong>uulpecula</strong></span> <span class='ocrx_word' id='word_1_271' title='bbox 1051 2422 1213 2460; x_wconf 79' lang='lat' dir='ltr'><strong>Seruius</strong></span> <span class='ocrx_word' id='word_1_272' title='bbox 1241 2426 1286 2468; x_wconf 85' lang='lat' dir='ltr'><strong>cs.</strong></span> <span class='ocrx_word' id='word_1_273' title='bbox 1318 2423 1491 2461; x_wconf 80' lang='lat' dir='ltr'><strong>adnotat.</strong></span> <span class='ocrx_word' id='word_1_274' title='bbox 1524 2427 1634 2471; x_wconf 80' lang='lat' dir='ltr'><strong>epist.</strong></span> <span class='ocrx_word' id='word_1_275' title='bbox 1659 2425 1675 2461; x_wconf 92' lang='grc' dir='ltr'><strong>Ι</strong></span> <span class='ocrx_word' id='word_1_276' title='bbox 1703 2425 1742 2473; x_wconf 83' lang='lat'><strong>7,</strong></span> 
     </span>
    </p>
   </div>
   <div class='ocr_carea' id='block_1_11' title="bbox 217 2487 1743 2551">
    <p class='ocr_par' dir='ltr' id='par_1_21' title="bbox 217 2487 1743 2551">
     <span class='ocr_line' id='line_1_36' title="bbox 217 2487 1743 2551; baseline 0.003 -17"><span class='ocrx_word' id='word_1_277' title='bbox 217 2497 269 2535; x_wconf 84' lang='lat'><strong>29</strong></span> <span class='ocrx_word' id='word_1_278' title='bbox 358 2499 433 2535; x_wconf 85' lang='lat' dir='ltr'><strong>risu</strong></span> <span class='ocrx_word' id='word_1_279' title='bbox 463 2510 480 2535; x_wconf 86' lang='grc' dir='ltr'><em>ε</em></span> <span class='ocrx_word' id='word_1_280' title='bbox 569 2498 623 2536; x_wconf 89' lang='grc'>20</span> <span class='ocrx_word' id='word_1_281' title='bbox 652 2498 821 2536; x_wconf 87' lang='lat' dir='ltr'><strong>mundata</strong></span> <span class='ocrx_word' id='word_1_282' title='bbox 851 2512 868 2537; x_wconf 82' lang='grc' dir='ltr'><strong><em>ε</em></strong></span> <span class='ocrx_word' id='word_1_283' title='bbox 890 2513 925 2537; x_wconf 86' lang='grc' dir='ltr'><strong>α.</strong></span> <span class='ocrx_word' id='word_1_284' title='bbox 950 2512 1032 2538; x_wconf 77' lang='lat' dir='ltr'><strong>ras.</strong></span> <span class='ocrx_word' id='word_1_285' title='bbox 1122 2501 1174 2537; x_wconf 84' lang='lat'><strong>21</strong></span> <span class='ocrx_word' id='word_1_286' title='bbox 1204 2501 1315 2538; x_wconf 85' lang='lat' dir='ltr'><strong>thima</strong></span> <span class='ocrx_word' id='word_1_287' title='bbox 1345 2502 1385 2537; x_wconf 82' lang='lat' dir='ltr'><em>E</em></span> <span class='ocrx_word' id='word_1_288' title='bbox 1399 2514 1424 2551; x_wconf 78' lang='lat' dir='ltr'><em>y</em></span> <span class='ocrx_word' id='word_1_289' title='bbox 1444 2499 1467 2537; x_wconf 78' lang='grc' dir='ltr'><em>ὃ</em></span> <span class='ocrx_word' id='word_1_290' title='bbox 1488 2514 1506 2538; x_wconf 88' lang='grc' dir='ltr'><em>ε</em></span> <span class='ocrx_word' id='word_1_291' title='bbox 1593 2487 1743 2548; x_wconf 70' lang='lat' dir='ltr'><strong>paruo&#39;m</strong></span> 
     </span>
    </p>
   </div>
   <div class='ocr_carea' id='block_1_12' title="bbox 215 2550 1754 2720">
    <p class='ocr_par' dir='ltr' id='par_1_22' title="bbox 215 2550 1754 2720">
     <span class='ocr_line' id='line_1_37' title="bbox 215 2550 1743 2608; baseline 0.003 -17"><span class='ocrx_word' id='word_1_292' title='bbox 215 2568 241 2603; x_wconf 77' lang='lat' dir='ltr'><strong><em>y</em></strong></span> <span class='ocrx_word' id='word_1_293' title='bbox 274 2551 340 2606; x_wconf 83' lang='grc' dir='ltr'><strong>[π]</strong></span> <span class='ocrx_word' id='word_1_294' title='bbox 374 2567 525 2603; x_wconf 83' lang='lat' dir='ltr'><strong>paruum</strong></span> <span class='ocrx_word' id='word_1_295' title='bbox 555 2551 629 2591; x_wconf 50' lang='lat' dir='ltr'><strong>SV</strong></span> <span class='ocrx_word' id='word_1_296' title='bbox 653 2567 677 2599; x_wconf 84' lang='grc' dir='ltr'><strong>ς</strong></span> <span class='ocrx_word' id='word_1_297' title='bbox 703 2555 751 2603; x_wconf 85' lang='lat' dir='ltr'><strong>(et</strong></span> <span class='ocrx_word' id='word_1_298' title='bbox 780 2551 824 2605; x_wconf 80' lang='grc' dir='ltr'><strong>β’</strong></span> <span class='ocrx_word' id='word_1_299' title='bbox 854 2555 973 2604; x_wconf 81' lang='lat' dir='ltr'><strong>Lips.)</strong></span> <span class='ocrx_word' id='word_1_300' title='bbox 1061 2556 1113 2594; x_wconf 88' lang='grc'><strong>22</strong></span> <span class='ocrx_word' id='word_1_301' title='bbox 1144 2563 1194 2595; x_wconf 76' lang='lat'><strong>115</strong></span> <span class='ocrx_word' id='word_1_302' title='bbox 1224 2557 1246 2593; x_wconf 83' lang='grc' dir='ltr'><em>λ</em></span> <span class='ocrx_word' id='word_1_303' title='bbox 1340 2562 1377 2594; x_wconf 85' lang='lat' dir='ltr'><strong>et</strong></span> <span class='ocrx_word' id='word_1_304' title='bbox 1406 2550 1457 2594; x_wconf 82' lang='lat' dir='ltr'><strong>A&#39;</strong></span> <span class='ocrx_word' id='word_1_305' title='bbox 1478 2559 1556 2608; x_wconf 76' lang='lat' dir='ltr'><strong>Ey</strong></span> <span class='ocrx_word' id='word_1_306' title='bbox 1577 2556 1602 2595; x_wconf 84' lang='grc' dir='ltr'><em>δ</em></span> <span class='ocrx_word' id='word_1_307' title='bbox 1621 2571 1639 2596; x_wconf 84' lang='grc' dir='ltr'><em>ε</em></span> <span class='ocrx_word' id='word_1_308' title='bbox 1661 2559 1698 2607; x_wconf 87' lang='grc' dir='ltr'><strong>(ν</strong></span> <span class='ocrx_word' id='word_1_309' title='bbox 1719 2568 1743 2596; x_wconf 90' lang='grc' dir='ltr'><strong>σ</strong></span> 
     </span>
     <span class='ocr_line' id='line_1_38' title="bbox 215 2606 1754 2665; baseline 0.003 -19"><span class='ocrx_word' id='word_1_310' title='bbox 215 2625 238 2660; x_wconf 84' lang='lat'><em>9</em></span> <span class='ocrx_word' id='word_1_311' title='bbox 258 2623 282 2646; x_wconf 88' lang='grc' dir='ltr'><strong>υ</strong></span> <span class='ocrx_word' id='word_1_312' title='bbox 303 2619 335 2647; x_wconf 82' lang='lat' dir='ltr'><strong>ct</strong></span> <span class='ocrx_word' id='word_1_313' title='bbox 355 2610 380 2662; x_wconf 89' lang='grc' dir='ltr'>β</span> <span class='ocrx_word' id='word_1_314' title='bbox 401 2624 429 2647; x_wconf 88' lang='grc' dir='ltr'><strong>π</strong></span> <span class='ocrx_word' id='word_1_315' title='bbox 450 2611 478 2660; x_wconf 91' lang='lat'><strong>1)</strong></span> <span class='ocrx_word' id='word_1_316' title='bbox 509 2613 636 2650; x_wconf 84' lang='lat' dir='ltr'><strong>Bentl.</strong></span> <span class='ocrx_word' id='word_1_317' title='bbox 669 2624 736 2648; x_wconf 89' lang='lat' dir='ltr'><strong>nee</strong></span> <span class='ocrx_word' id='word_1_318' title='bbox 766 2614 804 2649; x_wconf 89' lang='lat' dir='ltr'><em>F</em></span> <span class='ocrx_word' id='word_1_319' title='bbox 822 2610 860 2648; x_wconf 78' lang='grc' dir='ltr'><strong>λ’</strong></span> <span class='ocrx_word' id='word_1_320' title='bbox 889 2613 925 2661; x_wconf 89' lang='lat' dir='ltr'><strong>(r</strong></span> <span class='ocrx_word' id='word_1_321' title='bbox 945 2626 970 2650; x_wconf 87' lang='lat' dir='ltr'><em>v</em></span> <span class='ocrx_word' id='word_1_322' title='bbox 993 2625 1005 2650; x_wconf 83' lang='lat'><em>1</em></span> <span class='ocrx_word' id='word_1_323' title='bbox 1036 2626 1125 2651; x_wconf 68' lang='grc' dir='ltr'><strong>παν.</strong></span> <span class='ocrx_word' id='word_1_324' title='bbox 1150 2606 1189 2650; x_wconf 68' lang='grc' dir='ltr'><strong>ἐι</strong></span> <span class='ocrx_word' id='word_1_325' title='bbox 1218 2625 1248 2650; x_wconf 83' lang='grc' dir='ltr'><strong><em>π</em></strong></span> <span class='ocrx_word' id='word_1_326' title='bbox 1273 2625 1291 2650; x_wconf 81' lang='lat'>2</span> <span class='ocrx_word' id='word_1_327' title='bbox 1319 2615 1442 2651; x_wconf 82' lang='lat' dir='ltr'><strong>Fran.</strong></span> <span class='ocrx_word' id='word_1_328' title='bbox 1472 2614 1593 2663; x_wconf 84' lang='lat' dir='ltr'><strong>Lips.)</strong></span> <span class='ocrx_word' id='word_1_329' title='bbox 1624 2628 1695 2651; x_wconf 89' lang='lat' dir='ltr'><strong>non</strong></span> <span class='ocrx_word' id='word_1_330' title='bbox 1716 2629 1754 2665; x_wconf 33' lang='lat' dir='ltr'><strong>y·</strong></span> 
     </span>
     <span class='ocr_line' id='line_1_39' title="bbox 330 2661 1643 2720; baseline 0.003 -15"><span class='ocrx_word' id='word_1_331' title='bbox 330 2669 475 2717; x_wconf 80' lang='lat' dir='ltr'><strong>hyrtum</strong></span> <span class='ocrx_word' id='word_1_332' title='bbox 506 2670 544 2705; x_wconf 78' lang='lat' dir='ltr'><em>F</em></span> <span class='ocrx_word' id='word_1_333' title='bbox 559 2665 599 2705; x_wconf 84' lang='grc' dir='ltr'><strong>λ’</strong></span> <span class='ocrx_word' id='word_1_334' title='bbox 631 2669 780 2717; x_wconf 87' lang='lat' dir='ltr'><strong>hyreum</strong></span> <span class='ocrx_word' id='word_1_335' title='bbox 808 2683 833 2720; x_wconf 74' lang='grc' dir='ltr'><em>γ</em></span> <span class='ocrx_word' id='word_1_336' title='bbox 939 2671 991 2708; x_wconf 83' lang='grc'>23</span> <span class='ocrx_word' id='word_1_337' title='bbox 1022 2672 1113 2707; x_wconf 82' lang='lat' dir='ltr'><strong>ciuia</strong></span> <span class='ocrx_word' id='word_1_338' title='bbox 1142 2683 1160 2709; x_wconf 84' lang='grc' dir='ltr'><em>ε</em></span> <span class='ocrx_word' id='word_1_339' title='bbox 1266 2670 1319 2708; x_wconf 82' lang='grc'>24</span> <span class='ocrx_word' id='word_1_340' title='bbox 1348 2670 1574 2719; x_wconf 84' lang='lat' dir='ltr'><strong>Responsare</strong></span> <span class='ocrx_word' id='word_1_341' title='bbox 1604 2661 1643 2709; x_wconf 74' lang='grc' dir='ltr'><em>Ε</em></span> 
     </span>
    </p>
   </div>
   <div class='ocr_carea' id='block_1_13' title="bbox 216 2730 1742 2913">
    <p class='ocr_par' dir='ltr' id='par_1_23' title="bbox 216 2730 1742 2913">
     <span class='ocr_line' id='line_1_40' title="bbox 217 2730 1742 2799; baseline 0.004 -16"><span class='ocrx_word' id='word_1_342' title='bbox 217 2747 268 2784; x_wconf 87' lang='grc'>25</span> <span class='ocrx_word' id='word_1_343' title='bbox 301 2748 454 2784; x_wconf 81' lang='lat' dir='ltr'><strong>hederae</strong></span> <span class='ocrx_word' id='word_1_344' title='bbox 485 2749 524 2784; x_wconf 90' lang='lat' dir='ltr'><em>E</em></span> <span class='ocrx_word' id='word_1_345' title='bbox 542 2759 554 2784; x_wconf 87' lang='lat'>1</span> <span class='ocrx_word' id='word_1_346' title='bbox 575 2761 599 2797; x_wconf 83' lang='grc' dir='ltr'><em>γ</em></span> <span class='ocrx_word' id='word_1_347' title='bbox 620 2761 650 2795; x_wconf 87' lang='grc' dir='ltr'><strong><em>φ</em></strong></span> <span class='ocrx_word' id='word_1_348' title='bbox 672 2745 696 2784; x_wconf 82' lang='grc' dir='ltr'><em>ὃ</em></span> <span class='ocrx_word' id='word_1_349' title='bbox 716 2761 734 2785; x_wconf 85' lang='grc' dir='ltr'><em>ε</em></span> <span class='ocrx_word' id='word_1_350' title='bbox 764 2747 803 2796; x_wconf 89' lang='grc' dir='ltr'><strong>(ν</strong></span> <span class='ocrx_word' id='word_1_351' title='bbox 829 2751 843 2786; x_wconf 85' lang='grc' dir='ltr'><em>Ζ</em></span> <span class='ocrx_word' id='word_1_352' title='bbox 869 2761 885 2786; x_wconf 88' lang='lat'><strong>2</strong></span> <span class='ocrx_word' id='word_1_353' title='bbox 917 2754 984 2787; x_wconf 79' lang='lat' dir='ltr'><strong>aut</strong></span> <span class='ocrx_word' id='word_1_354' title='bbox 1015 2762 1119 2787; x_wconf 85' lang='lat' dir='ltr'><strong>corr.</strong></span> <span class='ocrx_word' id='word_1_355' title='bbox 1149 2762 1174 2787; x_wconf 84' lang='lat' dir='ltr'><strong><em>v</em></strong></span> <span class='ocrx_word' id='word_1_356' title='bbox 1203 2756 1236 2786; x_wconf 84' lang='lat' dir='ltr'><strong>et</strong></span> <span class='ocrx_word' id='word_1_357' title='bbox 1265 2749 1403 2798; x_wconf 85' lang='lat' dir='ltr'><strong>Fran.)</strong></span> <span class='ocrx_word' id='word_1_358' title='bbox 1424 2730 1542 2799; x_wconf 56' lang='lat' dir='ltr'><strong>&#39;edere</strong></span> <span class='ocrx_word' id='word_1_359' title='bbox 1571 2757 1605 2799; x_wconf 89' lang='grc' dir='ltr'><em>ψ</em></span> <span class='ocrx_word' id='word_1_360' title='bbox 1635 2751 1742 2789; x_wconf 83' lang='lat' dir='ltr'><strong>edere</strong></span> 
     </span>
     <span class='ocr_line' id='line_1_41' title="bbox 218 2802 1742 2857; baseline 0.005 -19"><span class='ocrx_word' id='word_1_361' title='bbox 218 2802 239 2838; x_wconf 81' lang='grc' dir='ltr'><strong><em>λ</em></strong></span> <span class='ocrx_word' id='word_1_362' title='bbox 268 2803 397 2851; x_wconf 71' lang='lat' dir='ltr'><strong>ederae</strong></span> <span class='ocrx_word' id='word_1_363' title='bbox 418 2805 451 2840; x_wconf 85' lang='lat' dir='ltr'><em>A</em></span> <span class='ocrx_word' id='word_1_364' title='bbox 472 2804 509 2852; x_wconf 82' lang='lat' dir='ltr'><strong>(a</strong></span> <span class='ocrx_word' id='word_1_365' title='bbox 530 2804 561 2853; x_wconf 85' lang='lat'><strong>2)</strong></span> <span class='ocrx_word' id='word_1_366' title='bbox 591 2805 718 2842; x_wconf 86' lang='lat' dir='ltr'><strong>ederae</strong></span> <span class='ocrx_word' id='word_1_367' title='bbox 739 2806 811 2843; x_wconf 61' lang='lat' dir='ltr'><strong>Ee</strong></span> <span class='ocrx_word' id='word_1_368' title='bbox 835 2805 871 2853; x_wconf 88' lang='grc' dir='ltr'><strong>(σ</strong></span> <span class='ocrx_word' id='word_1_369' title='bbox 891 2818 915 2842; x_wconf 85' lang='grc' dir='ltr'><em>α</em></span> <span class='ocrx_word' id='word_1_370' title='bbox 937 2818 949 2843; x_wconf 88' lang='lat'>1</span> <span class='ocrx_word' id='word_1_371' title='bbox 969 2809 982 2843; x_wconf 82' lang='lat' dir='ltr'><strong>l</strong></span> <span class='ocrx_word' id='word_1_372' title='bbox 1004 2818 1016 2843; x_wconf 93' lang='lat'>1</span> <span class='ocrx_word' id='word_1_373' title='bbox 1039 2811 1106 2844; x_wconf 83' lang='lat' dir='ltr'><strong>aut</strong></span> <span class='ocrx_word' id='word_1_374' title='bbox 1122 2819 1185 2855; x_wconf 79' lang='lat' dir='ltr'><strong>pr.</strong></span> <span class='ocrx_word' id='word_1_375' title='bbox 1207 2806 1242 2854; x_wconf 89' lang='lat' dir='ltr'><strong>r)</strong></span> <span class='ocrx_word' id='word_1_376' title='bbox 1327 2808 1464 2855; x_wconf 84' lang='lat' dir='ltr'><strong>premia</strong></span> <span class='ocrx_word' id='word_1_377' title='bbox 1483 2808 1517 2844; x_wconf 89' lang='lat' dir='ltr'><em>A</em></span> <span class='ocrx_word' id='word_1_378' title='bbox 1532 2819 1563 2854; x_wconf 87' lang='grc' dir='ltr'><em>φ</em></span> <span class='ocrx_word' id='word_1_379' title='bbox 1643 2809 1742 2857; x_wconf 91' lang='lat' dir='ltr'><strong>quod</strong></span> 
     </span>
     <span class='ocr_line' id='line_1_42' title="bbox 216 2856 1741 2913; baseline 0.003 -17"><span class='ocrx_word' id='word_1_380' title='bbox 216 2856 267 2909; x_wconf 86' lang='lat' dir='ltr'><strong>si]</strong></span> <span class='ocrx_word' id='word_1_381' title='bbox 301 2871 332 2907; x_wconf 73' lang='lat' dir='ltr'><strong>q,</strong></span> <span class='ocrx_word' id='word_1_382' title='bbox 355 2861 385 2895; x_wconf 89' lang='lat' dir='ltr'><strong>si</strong></span> <span class='ocrx_word' id='word_1_383' title='bbox 418 2861 454 2896; x_wconf 88' lang='lat' dir='ltr'><em>E</em></span> <span class='ocrx_word' id='word_1_384' title='bbox 484 2872 494 2897; x_wconf 85' lang='lat'>1</span> <span class='ocrx_word' id='word_1_385' title='bbox 526 2862 650 2907; x_wconf 90' lang='lat' dir='ltr'><strong>quidsi</strong></span> <span class='ocrx_word' id='word_1_386' title='bbox 678 2864 693 2899; x_wconf 85' lang='lat' dir='ltr'><em>Z</em></span> <span class='ocrx_word' id='word_1_387' title='bbox 721 2875 783 2910; x_wconf 84' lang='lat' dir='ltr'><strong>pr.</strong></span> <span class='ocrx_word' id='word_1_388' title='bbox 873 2875 911 2899; x_wconf 85' lang='lat' dir='ltr'><strong>u.</strong></span> <span class='ocrx_word' id='word_1_389' title='bbox 944 2863 997 2901; x_wconf 79' lang='lat'><strong>26</strong></span> <span class='ocrx_word' id='word_1_390' title='bbox 1025 2870 1105 2911; x_wconf 82' lang='lat' dir='ltr'><strong>post</strong></span> <span class='ocrx_word' id='word_1_391' title='bbox 1134 2863 1256 2901; x_wconf 78' lang='lat' dir='ltr'><strong>u.·27</strong></span> <span class='ocrx_word' id='word_1_392' title='bbox 1285 2876 1371 2911; x_wconf 84' lang='lat' dir='ltr'><strong>pon.</strong></span> <span class='ocrx_word' id='word_1_393' title='bbox 1404 2864 1617 2913; x_wconf 71' lang='lat' dir='ltr'><strong>Hz&#39;tziqius;</strong></span> <span class='ocrx_word' id='word_1_394' title='bbox 1646 2866 1741 2901; x_wconf 75' lang='lat' dir='ltr'><strong>ordi-</strong></span> 
     </span>
    </p>
   </div>
  </div>
 </body>
</html>
