<?xml version="1.0" encoding="UTF-8"?>
<!DOCTYPE html PUBLIC "-//W3C//DTD XHTML 1.0 Transitional//EN"
    "http://www.w3.org/TR/xhtml1/DTD/xhtml1-transitional.dtd">
<html xmlns="http://www.w3.org/1999/xhtml" xml:lang="en" lang="en">
 <head>
  <title>
</title>
<meta http-equiv="Content-Type" content="text/html;charset=utf-8" />
  <meta name='ocr-system' content='tesseract 3.04.00' />
  <meta name='ocr-capabilities' content='ocr_page ocr_carea ocr_par ocr_line ocrx_word'/>
</head>
<body>
  <div class='ocr_page' id='page_1' title='image "./operahor02horauoft_0220.png"; bbox 0 0 1930 3094; ppageno 0'>
   <div class='ocr_carea' id='block_1_1' title="bbox 245 150 1129 188">
    <p class='ocr_par' dir='ltr' id='par_1_1' title="bbox 245 150 1129 188">
     <span class='ocr_line' id='line_1_1' title="bbox 245 150 1129 188; baseline -0.005 -9"><span class='ocrx_word' id='word_1_1' title='bbox 245 153 351 180; x_wconf 86' lang='lat' dir='ltr'>XVllI</span> <span class='ocrx_word' id='word_1_2' title='bbox 598 184 601 188; x_wconf 26' lang='lat' dir='ltr'><em>r</em></span> <span class='ocrx_word' id='word_1_3' title='bbox 894 150 1129 176; x_wconf 83' lang='lat' dir='ltr'><strong>PRAEFATIO</strong></span> 
     </span>
    </p>
   </div>
   <div class='ocr_carea' id='block_1_2' title="bbox 244 261 1796 2889">
    <p class='ocr_par' dir='ltr' id='par_1_2' title="bbox 244 261 1796 2279">
     <span class='ocr_line' id='line_1_2' title="bbox 245 261 1796 316; baseline -0.001 -13"><span class='ocrx_word' id='word_1_4' title='bbox 245 265 315 303; x_wconf 90' lang='lat' dir='ltr'>ille</span> <span class='ocrx_word' id='word_1_5' title='bbox 345 264 450 316; x_wconf 86' lang='lat' dir='ltr'>trigo</span> <span class='ocrx_word' id='word_1_6' title='bbox 482 263 806 314; x_wconf 82' lang='lat' dir='ltr'>praetereundus</span> <span class='ocrx_word' id='word_1_7' title='bbox 833 267 907 301; x_wconf 86' lang='lat' dir='ltr'>est.</span> <span class='ocrx_word' id='word_1_8' title='bbox 943 274 1021 301; x_wconf 88' lang='lat' dir='ltr'>nec</span> <span class='ocrx_word' id='word_1_9' title='bbox 1051 261 1187 301; x_wconf 87' lang='lat' dir='ltr'>facere</span> <span class='ocrx_word' id='word_1_10' title='bbox 1217 274 1428 314; x_wconf 89' lang='lat' dir='ltr'>possumus</span> <span class='ocrx_word' id='word_1_11' title='bbox 1459 263 1559 314; x_wconf 91' lang='lat' dir='ltr'>quin</span> <span class='ocrx_word' id='word_1_12' title='bbox 1589 264 1706 315; x_wconf 81' lang='lat' dir='ltr'><strong>epist.</strong></span> <span class='ocrx_word' id='word_1_13' title='bbox 1730 263 1796 302; x_wconf 90' lang='grc' dir='ltr'>ΙΙ.</span> 
     </span>
     <span class='ocr_line' id='line_1_3' title="bbox 249 329 1775 382; baseline 0.001 -13"><span class='ocrx_word' id='word_1_14' title='bbox 249 333 290 379; x_wconf 85' lang='grc'>1,</span> <span class='ocrx_word' id='word_1_15' title='bbox 327 332 405 370; x_wconf 88' lang='grc'>167</span> <span class='ocrx_word' id='word_1_16' title='bbox 445 344 530 371; x_wconf 85' lang='lat' dir='ltr'>uar.</span> <span class='ocrx_word' id='word_1_17' title='bbox 562 330 657 369; x_wconf 89' lang='lat' dir='ltr'>lect.</span> <span class='ocrx_word' id='word_1_18' title='bbox 697 330 763 368; x_wconf 80' lang='lat' dir='ltr'>‘in</span> <span class='ocrx_word' id='word_1_19' title='bbox 800 329 983 381; x_wconf 88' lang='lat' dir='ltr'>scriptis&#39;</span> <span class='ocrx_word' id='word_1_20' title='bbox 1021 330 1338 382; x_wconf 76' lang='lat' dir='ltr'>interpretemur</span> <span class='ocrx_word' id='word_1_21' title='bbox 1383 330 1501 378; x_wconf 89' lang='lat' dir='ltr'>inde,</span> <span class='ocrx_word' id='word_1_22' title='bbox 1548 330 1658 382; x_wconf 90' lang='lat' dir='ltr'>quod</span> <span class='ocrx_word' id='word_1_23' title='bbox 1694 331 1775 382; x_wconf 86' lang='lat' dir='ltr'>pri-</span> 
     </span>
     <span class='ocr_line' id='line_1_4' title="bbox 246 397 1778 448; baseline 0.001 -11"><span class='ocrx_word' id='word_1_24' title='bbox 246 399 399 438; x_wconf 88' lang='lat' dir='ltr'>mariae</span> <span class='ocrx_word' id='word_1_25' title='bbox 440 398 628 437; x_wconf 89' lang='lat' dir='ltr'>lectionis</span> <span class='ocrx_word' id='word_1_26' title='bbox 667 397 858 437; x_wconf 74' lang='lat' dir='ltr'>‘inscite&#39;</span> <span class='ocrx_word' id='word_1_27' title='bbox 890 397 950 436; x_wconf 92' lang='lat' dir='ltr'>nil</span> <span class='ocrx_word' id='word_1_28' title='bbox 989 398 1069 436; x_wconf 92' lang='lat' dir='ltr'>nisi</span> <span class='ocrx_word' id='word_1_29' title='bbox 1107 397 1276 437; x_wconf 87' lang='lat' dir='ltr'>dimidia</span> <span class='ocrx_word' id='word_1_30' title='bbox 1306 410 1401 448; x_wconf 91' lang='lat' dir='ltr'>pars</span> <span class='ocrx_word' id='word_1_31' title='bbox 1432 397 1482 436; x_wconf 92' lang='lat' dir='ltr'>ab</span> <span class='ocrx_word' id='word_1_32' title='bbox 1514 397 1778 438; x_wconf 77' lang='lat' dir='ltr'>emendatore</span> 
     </span>
     <span class='ocr_line' id='line_1_5' title="bbox 246 464 1777 517; baseline 0.001 -13"><span class='ocrx_word' id='word_1_33' title='bbox 246 466 316 504; x_wconf 89' lang='lat' dir='ltr'>illo</span> <span class='ocrx_word' id='word_1_34' title='bbox 348 466 528 517; x_wconf 88' lang='lat' dir='ltr'>potuerit</span> <span class='ocrx_word' id='word_1_35' title='bbox 556 466 653 517; x_wconf 86' lang='lat' dir='ltr'>legi.</span> <span class='ocrx_word' id='word_1_36' title='bbox 713 471 755 504; x_wconf 89' lang='lat' dir='ltr'>at</span> <span class='ocrx_word' id='word_1_37' title='bbox 786 465 943 504; x_wconf 85' lang='lat' dir='ltr'>duobus</span> <span class='ocrx_word' id='word_1_38' title='bbox 975 470 1084 504; x_wconf 85' lang='lat' dir='ltr'>certe</span> <span class='ocrx_word' id='word_1_39' title='bbox 1115 466 1212 504; x_wconf 87' lang='lat' dir='ltr'>artis</span> <span class='ocrx_word' id='word_1_40' title='bbox 1243 466 1429 517; x_wconf 81' lang='lat' dir='ltr'>poeticae</span> <span class='ocrx_word' id='word_1_41' title='bbox 1466 464 1566 504; x_wconf 87' lang='lat' dir='ltr'>locis</span> <span class='ocrx_word' id='word_1_42' title='bbox 1603 466 1777 505; x_wconf 68' lang='lat' dir='ltr'>rectissi-</span> 
     </span>
     <span class='ocr_line' id='line_1_6' title="bbox 245 532 1780 585; baseline 0.001 -13"><span class='ocrx_word' id='word_1_43' title='bbox 245 547 331 572; x_wconf 90' lang='lat' dir='ltr'>mas</span> <span class='ocrx_word' id='word_1_44' title='bbox 360 533 464 573; x_wconf 86' lang='lat' dir='ltr'>haec</span> <span class='ocrx_word' id='word_1_45' title='bbox 495 533 636 573; x_wconf 89' lang='lat' dir='ltr'>classis</span> <span class='ocrx_word' id='word_1_46' title='bbox 659 533 824 573; x_wconf 86' lang='lat' dir='ltr'>exhibet</span> <span class='ocrx_word' id='word_1_47' title='bbox 842 533 1062 572; x_wconf 87' lang='lat' dir='ltr'>lectiones:</span> <span class='ocrx_word' id='word_1_48' title='bbox 1094 534 1238 572; x_wconf 82' lang='lat' dir='ltr'>u.-237</span> <span class='ocrx_word' id='word_1_49' title='bbox 1270 533 1334 572; x_wconf 66' lang='lat' dir='ltr'>‘et</span> <span class='ocrx_word' id='word_1_50' title='bbox 1364 532 1523 572; x_wconf 84' lang='lat' dir='ltr'>audax&#39;</span> <span class='ocrx_word' id='word_1_51' title='bbox 1555 546 1629 585; x_wconf 88' lang='lat' dir='ltr'>pro</span> <span class='ocrx_word' id='word_1_52' title='bbox 1651 532 1780 573; x_wconf 83' lang='lat' dir='ltr'>altera</span> 
     </span>
     <span class='ocr_line' id='line_1_7' title="bbox 244 600 1780 653; baseline 0 -13"><span class='ocrx_word' id='word_1_53' title='bbox 244 601 424 641; x_wconf 88' lang='lat' dir='ltr'>lectione</span> <span class='ocrx_word' id='word_1_54' title='bbox 464 603 541 640; x_wconf 76' lang='lat' dir='ltr'>‘an</span> <span class='ocrx_word' id='word_1_55' title='bbox 573 601 730 640; x_wconf 83' lang='lat' dir='ltr'>audax&#39;</span> <span class='ocrx_word' id='word_1_56' title='bbox 771 607 812 640; x_wconf 92' lang='lat' dir='ltr'>et</span> <span class='ocrx_word' id='word_1_57' title='bbox 851 615 890 640; x_wconf 91' lang='lat' dir='ltr'>u.</span> <span class='ocrx_word' id='word_1_58' title='bbox 923 601 1002 639; x_wconf 86' lang='lat'>371</span> <span class='ocrx_word' id='word_1_59' title='bbox 1046 601 1149 640; x_wconf 73' lang='lat' dir='ltr'>‘nec</span> <span class='ocrx_word' id='word_1_60' title='bbox 1180 600 1275 640; x_wconf 84' lang='lat' dir='ltr'>scit&#39;</span> <span class='ocrx_word' id='word_1_61' title='bbox 1315 614 1389 653; x_wconf 90' lang='lat' dir='ltr'>pro</span> <span class='ocrx_word' id='word_1_62' title='bbox 1427 601 1627 651; x_wconf 78' lang='lat' dir='ltr'>‘nescit&#39;3</span> <span class='ocrx_word' id='word_1_63' title='bbox 1666 601 1780 641; x_wconf 87' lang='lat' dir='ltr'>unde</span> 
     </span>
     <span class='ocr_line' id='line_1_8' title="bbox 245 668 1778 721; baseline 0.001 -13"><span class='ocrx_word' id='word_1_64' title='bbox 245 669 308 717; x_wconf 83' lang='lat' dir='ltr'>fit,</span> <span class='ocrx_word' id='word_1_65' title='bbox 340 674 386 708; x_wconf 91' lang='lat' dir='ltr'>ut</span> <span class='ocrx_word' id='word_1_66' title='bbox 415 670 698 721; x_wconf 85' lang='lat' dir='ltr'>quaestionem</span> <span class='ocrx_word' id='word_1_67' title='bbox 729 682 813 708; x_wconf 91' lang='lat' dir='ltr'>non</span> <span class='ocrx_word' id='word_1_68' title='bbox 844 669 1103 721; x_wconf 85' lang='lat' dir='ltr'>effugiamus,</span> <span class='ocrx_word' id='word_1_69' title='bbox 1136 675 1269 708; x_wconf 90' lang='lat' dir='ltr'>utrum</span> <span class='ocrx_word' id='word_1_70' title='bbox 1299 669 1608 709; x_wconf 82' lang='lat' dir='ltr'>emendationes</span> <span class='ocrx_word' id='word_1_71' title='bbox 1628 668 1778 710; x_wconf 81' lang='lat' dir='ltr'>habea-</span> 
     </span>
     <span class='ocr_line' id='line_1_9' title="bbox 247 736 1781 789; baseline 0.001 -13"><span class='ocrx_word' id='word_1_72' title='bbox 247 749 358 784; x_wconf 88' lang='lat' dir='ltr'>mus,</span> <span class='ocrx_word' id='word_1_73' title='bbox 390 750 443 775; x_wconf 88' lang='lat' dir='ltr'>an</span> <span class='ocrx_word' id='word_1_74' title='bbox 464 750 584 776; x_wconf 88' lang='lat' dir='ltr'>ueras</span> <span class='ocrx_word' id='word_1_75' title='bbox 604 736 704 776; x_wconf 91' lang='lat' dir='ltr'>boni</span> <span class='ocrx_word' id='word_1_76' title='bbox 724 737 818 776; x_wconf 89' lang='lat' dir='ltr'>libri</span> <span class='ocrx_word' id='word_1_77' title='bbox 840 737 1055 789; x_wconf 83' lang='lat' dir='ltr'>archetypi</span> <span class='ocrx_word' id='word_1_78' title='bbox 1074 737 1286 776; x_wconf 88' lang='lat' dir='ltr'>lectiones.</span> <span class='ocrx_word' id='word_1_79' title='bbox 1325 737 1398 776; x_wconf 88' lang='lat' dir='ltr'>sed</span> <span class='ocrx_word' id='word_1_80' title='bbox 1419 737 1548 776; x_wconf 89' lang='lat' dir='ltr'>felicis</span> <span class='ocrx_word' id='word_1_81' title='bbox 1570 737 1781 777; x_wconf 80' lang='lat' dir='ltr'>cuiusdam</span> 
     </span>
     <span class='ocr_line' id='line_1_10' title="bbox 249 804 1781 857; baseline 0.001 -14"><span class='ocrx_word' id='word_1_82' title='bbox 249 804 503 856; x_wconf 84' lang='lat' dir='ltr'>grammatici</span> <span class='ocrx_word' id='word_1_83' title='bbox 542 804 854 844; x_wconf 86' lang='lat' dir='ltr'>emendationes</span> <span class='ocrx_word' id='word_1_84' title='bbox 893 818 983 844; x_wconf 87' lang='lat' dir='ltr'>esse</span> <span class='ocrx_word' id='word_1_85' title='bbox 1020 818 1141 857; x_wconf 87' lang='lat' dir='ltr'>posse</span> <span class='ocrx_word' id='word_1_86' title='bbox 1183 805 1304 844; x_wconf 87' lang='lat' dir='ltr'>facile</span> <span class='ocrx_word' id='word_1_87' title='bbox 1342 805 1560 853; x_wconf 85' lang='lat' dir='ltr'>concedes,</span> <span class='ocrx_word' id='word_1_88' title='bbox 1608 805 1690 844; x_wconf 86' lang='lat' dir='ltr'>nisi</span> <span class='ocrx_word' id='word_1_89' title='bbox 1727 805 1781 845; x_wconf 84' lang='lat' dir='ltr'>ad</span> 
     </span>
     <span class='ocr_line' id='line_1_11' title="bbox 249 871 1782 924; baseline 0.001 -13"><span class='ocrx_word' id='word_1_90' title='bbox 249 871 513 911; x_wconf 88' lang='lat' dir='ltr'>coniciendas</span> <span class='ocrx_word' id='word_1_91' title='bbox 534 885 657 912; x_wconf 90' lang='lat' dir='ltr'>uoces</span> <span class='ocrx_word' id='word_1_92' title='bbox 688 873 781 912; x_wconf 80' lang='lat' dir='ltr'>‘nec</span> <span class='ocrx_word' id='word_1_93' title='bbox 810 873 900 911; x_wconf 88' lang='lat' dir='ltr'>scit’</span> <span class='ocrx_word' id='word_1_94' title='bbox 930 885 981 911; x_wconf 87' lang='lat' dir='ltr'>ex</span> <span class='ocrx_word' id='word_1_95' title='bbox 1011 873 1171 912; x_wconf 85' lang='lat' dir='ltr'>‘nescit&#39;</span> <span class='ocrx_word' id='word_1_96' title='bbox 1203 873 1403 924; x_wconf 85' lang='lat' dir='ltr'>singulari</span> <span class='ocrx_word' id='word_1_97' title='bbox 1425 872 1675 912; x_wconf 85' lang='lat' dir='ltr'>emendandi</span> <span class='ocrx_word' id='word_1_98' title='bbox 1693 877 1782 912; x_wconf 84' lang='lat' dir='ltr'>arte</span> 
     </span>
     <span class='ocr_line' id='line_1_12' title="bbox 250 939 1783 994; baseline 0.001 -15"><span class='ocrx_word' id='word_1_99' title='bbox 250 953 351 992; x_wconf 86' lang='lat' dir='ltr'>opus</span> <span class='ocrx_word' id='word_1_100' title='bbox 382 953 471 979; x_wconf 88' lang='lat' dir='ltr'>esse</span> <span class='ocrx_word' id='word_1_101' title='bbox 503 939 778 979; x_wconf 86' lang='lat' dir='ltr'>contenderis.</span> <span class='ocrx_word' id='word_1_102' title='bbox 835 946 1012 979; x_wconf 89' lang='lat' dir='ltr'>ceterum</span> <span class='ocrx_word' id='word_1_103' title='bbox 1041 940 1150 979; x_wconf 86' lang='lat' dir='ltr'>hanc</span> <span class='ocrx_word' id='word_1_104' title='bbox 1180 940 1347 993; x_wconf 87' lang='lat' dir='ltr'>quidem</span> <span class='ocrx_word' id='word_1_105' title='bbox 1378 940 1661 994; x_wconf 79' lang='lat' dir='ltr'>quaestionem</span> <span class='ocrx_word' id='word_1_106' title='bbox 1689 953 1783 980; x_wconf 79' lang='lat' dir='ltr'>mox</span> 
     </span>
     <span class='ocr_line' id='line_1_13' title="bbox 246 1007 1780 1060; baseline 0.001 -14"><span class='ocrx_word' id='word_1_107' title='bbox 246 1009 306 1048; x_wconf 89' lang='lat' dir='ltr'>ita</span> <span class='ocrx_word' id='word_1_108' title='bbox 334 1008 509 1047; x_wconf 89' lang='lat' dir='ltr'>solutum</span> <span class='ocrx_word' id='word_1_109' title='bbox 539 1008 588 1047; x_wconf 90' lang='lat' dir='ltr'>iri</span> <span class='ocrx_word' id='word_1_110' title='bbox 617 1021 844 1060; x_wconf 89' lang='lat' dir='ltr'>speramus,</span> <span class='ocrx_word' id='word_1_111' title='bbox 877 1014 922 1046; x_wconf 89' lang='lat' dir='ltr'>ut</span> <span class='ocrx_word' id='word_1_112' title='bbox 952 1021 1017 1047; x_wconf 90' lang='lat' dir='ltr'>res</span> <span class='ocrx_word' id='word_1_113' title='bbox 1048 1008 1172 1060; x_wconf 89' lang='lat' dir='ltr'>plane</span> <span class='ocrx_word' id='word_1_114' title='bbox 1201 1008 1370 1060; x_wconf 85' lang='lat' dir='ltr'>liqueat.</span> <span class='ocrx_word' id='word_1_115' title='bbox 1430 1009 1503 1047; x_wconf 89' lang='lat' dir='ltr'>tris</span> <span class='ocrx_word' id='word_1_116' title='bbox 1533 1008 1659 1060; x_wconf 85' lang='lat' dir='ltr'>igitur</span> <span class='ocrx_word' id='word_1_117' title='bbox 1687 1007 1780 1047; x_wconf 74' lang='lat' dir='ltr'>illas</span> 
     </span>
     <span class='ocr_line' id='line_1_14' title="bbox 249 1075 1782 1115; baseline 0.001 -1"><span class='ocrx_word' id='word_1_118' title='bbox 249 1075 434 1115; x_wconf 90' lang='lat' dir='ltr'>codicum</span> <span class='ocrx_word' id='word_1_119' title='bbox 462 1075 785 1115; x_wconf 87' lang='lat' dir='ltr'>Horatianorum</span> <span class='ocrx_word' id='word_1_120' title='bbox 816 1076 965 1115; x_wconf 86' lang='lat' dir='ltr'>classes</span> <span class='ocrx_word' id='word_1_121' title='bbox 995 1076 1104 1115; x_wconf 90' lang='lat' dir='ltr'>inter</span> <span class='ocrx_word' id='word_1_122' title='bbox 1133 1089 1177 1115; x_wconf 86' lang='lat' dir='ltr'>se</span> <span class='ocrx_word' id='word_1_123' title='bbox 1210 1075 1393 1115; x_wconf 87' lang='lat' dir='ltr'>diuersas</span> <span class='ocrx_word' id='word_1_124' title='bbox 1414 1075 1492 1114; x_wconf 90' lang='lat' dir='ltr'>hoc</span> <span class='ocrx_word' id='word_1_125' title='bbox 1511 1075 1631 1115; x_wconf 90' lang='lat' dir='ltr'>modo</span> <span class='ocrx_word' id='word_1_126' title='bbox 1662 1080 1782 1115; x_wconf 80' lang='lat' dir='ltr'>natas</span> 
     </span>
     <span class='ocr_line' id='line_1_15' title="bbox 250 1143 1781 1196; baseline 0 -14"><span class='ocrx_word' id='word_1_127' title='bbox 250 1156 340 1182; x_wconf 89' lang='lat' dir='ltr'>esse</span> <span class='ocrx_word' id='word_1_128' title='bbox 370 1143 601 1195; x_wconf 86' lang='lat' dir='ltr'>putandum</span> <span class='ocrx_word' id='word_1_129' title='bbox 623 1149 702 1192; x_wconf 87' lang='lat' dir='ltr'>est,</span> <span class='ocrx_word' id='word_1_130' title='bbox 735 1149 781 1182; x_wconf 90' lang='lat' dir='ltr'>ut</span> <span class='ocrx_word' id='word_1_131' title='bbox 811 1157 862 1183; x_wconf 87' lang='lat' dir='ltr'>ex</span> <span class='ocrx_word' id='word_1_132' title='bbox 891 1157 974 1183; x_wconf 88' lang='lat' dir='ltr'>uno</span> <span class='ocrx_word' id='word_1_133' title='bbox 998 1157 1130 1196; x_wconf 89' lang='lat' dir='ltr'>eoque</span> <span class='ocrx_word' id='word_1_134' title='bbox 1158 1143 1269 1182; x_wconf 87' lang='lat' dir='ltr'>bono</span> <span class='ocrx_word' id='word_1_135' title='bbox 1291 1143 1407 1182; x_wconf 82' lang='lat' dir='ltr'>fonte</span> <span class='ocrx_word' id='word_1_136' title='bbox 1430 1143 1622 1182; x_wconf 88' lang='lat' dir='ltr'>fluxerint</span> <span class='ocrx_word' id='word_1_137' title='bbox 1651 1156 1781 1196; x_wconf 83' lang='lat' dir='ltr'>genus</span> 
     </span>
     <span class='ocr_line' id='line_1_16' title="bbox 250 1208 1783 1264; baseline 0.001 -15"><span class='ocrx_word' id='word_1_138' title='bbox 250 1212 271 1249; x_wconf 96' lang='lat' dir='ltr'>I</span> <span class='ocrx_word' id='word_1_139' title='bbox 302 1217 342 1250; x_wconf 92' lang='lat' dir='ltr'>et</span> <span class='ocrx_word' id='word_1_140' title='bbox 372 1211 435 1259; x_wconf 86' lang='grc' dir='ltr'>ΙΙ,</span> <span class='ocrx_word' id='word_1_141' title='bbox 476 1211 548 1250; x_wconf 91' lang='lat' dir='ltr'>illa</span> <span class='ocrx_word' id='word_1_142' title='bbox 578 1211 709 1263; x_wconf 90' lang='lat' dir='ltr'>prima</span> <span class='ocrx_word' id='word_1_143' title='bbox 739 1217 876 1250; x_wconf 90' lang='lat' dir='ltr'>autem</span> <span class='ocrx_word' id='word_1_144' title='bbox 905 1208 1128 1251; x_wconf 82' lang='lat' dir='ltr'>scribarum</span> <span class='ocrx_word' id='word_1_145' title='bbox 1164 1211 1324 1250; x_wconf 83' lang='lat' dir='ltr'>mendis</span> <span class='ocrx_word' id='word_1_146' title='bbox 1356 1216 1397 1250; x_wconf 92' lang='lat' dir='ltr'>et</span> <span class='ocrx_word' id='word_1_147' title='bbox 1427 1211 1783 1264; x_wconf 84' lang='lat' dir='ltr'>grammaticorum</span> 
     </span>
     <span class='ocr_line' id='line_1_17' title="bbox 251 1277 1782 1332; baseline 0 -14"><span class='ocrx_word' id='word_1_148' title='bbox 251 1278 495 1318; x_wconf 86' lang='lat' dir='ltr'>coniecturis</span> <span class='ocrx_word' id='word_1_149' title='bbox 542 1279 736 1318; x_wconf 84' lang='lat' dir='ltr'>facillime</span> <span class='ocrx_word' id='word_1_150' title='bbox 782 1279 1008 1332; x_wconf 85' lang='lat' dir='ltr'>perspicuis</span> <span class='ocrx_word' id='word_1_151' title='bbox 1052 1278 1228 1327; x_wconf 87' lang='lat' dir='ltr'>laboret,</span> <span class='ocrx_word' id='word_1_152' title='bbox 1281 1279 1449 1318; x_wconf 89' lang='lat' dir='ltr'>alterius</span> <span class='ocrx_word' id='word_1_153' title='bbox 1499 1292 1599 1318; x_wconf 91' lang='lat' dir='ltr'>uero</span> <span class='ocrx_word' id='word_1_154' title='bbox 1643 1277 1782 1319; x_wconf 80' lang='lat' dir='ltr'>classis</span> 
     </span>
     <span class='ocr_line' id='line_1_18' title="bbox 249 1346 1784 1399; baseline 0.001 -13"><span class='ocrx_word' id='word_1_155' title='bbox 249 1347 497 1399; x_wconf 88' lang='lat' dir='ltr'>archetypus</span> <span class='ocrx_word' id='word_1_156' title='bbox 530 1359 580 1386; x_wconf 85' lang='lat' dir='ltr'>ex</span> <span class='ocrx_word' id='word_1_157' title='bbox 619 1360 701 1386; x_wconf 90' lang='lat' dir='ltr'>uno</span> <span class='ocrx_word' id='word_1_158' title='bbox 744 1347 884 1386; x_wconf 86' lang='lat' dir='ltr'>codice</span> <span class='ocrx_word' id='word_1_159' title='bbox 922 1361 946 1386; x_wconf 91' lang='lat' dir='ltr'>a</span> <span class='ocrx_word' id='word_1_160' title='bbox 985 1347 1105 1386; x_wconf 84' lang='lat' dir='ltr'>docto</span> <span class='ocrx_word' id='word_1_161' title='bbox 1139 1346 1405 1386; x_wconf 88' lang='lat' dir='ltr'>emendatore</span> <span class='ocrx_word' id='word_1_162' title='bbox 1443 1347 1654 1386; x_wconf 86' lang='lat' dir='ltr'>confectus</span> <span class='ocrx_word' id='word_1_163' title='bbox 1683 1346 1784 1387; x_wconf 87' lang='lat' dir='ltr'>inde</span> 
     </span>
     <span class='ocr_line' id='line_1_19' title="bbox 250 1413 1782 1467; baseline 0 -13"><span class='ocrx_word' id='word_1_164' title='bbox 250 1414 502 1467; x_wconf 84' lang='lat' dir='ltr'>potissimam</span> <span class='ocrx_word' id='word_1_165' title='bbox 531 1413 668 1454; x_wconf 88' lang='lat' dir='ltr'>labem</span> <span class='ocrx_word' id='word_1_166' title='bbox 698 1415 886 1463; x_wconf 83' lang='lat' dir='ltr'>traxerit,</span> <span class='ocrx_word' id='word_1_167' title='bbox 928 1415 1058 1466; x_wconf 84' lang='lat' dir='ltr'>quod,</span> <span class='ocrx_word' id='word_1_168' title='bbox 1101 1429 1191 1454; x_wconf 87' lang='lat' dir='ltr'>cum</span> <span class='ocrx_word' id='word_1_169' title='bbox 1223 1415 1310 1453; x_wconf 84' lang='lat' dir='ltr'>eius</span> <span class='ocrx_word' id='word_1_170' title='bbox 1341 1415 1543 1467; x_wconf 83' lang='lat' dir='ltr'>scriptura</span> <span class='ocrx_word' id='word_1_171' title='bbox 1572 1428 1657 1454; x_wconf 90' lang='lat' dir='ltr'>non</span> <span class='ocrx_word' id='word_1_172' title='bbox 1687 1428 1782 1455; x_wconf 82' lang='lat' dir='ltr'>nus-</span> 
     </span>
     <span class='ocr_line' id='line_1_20' title="bbox 251 1482 1786 1535; baseline 0.001 -14"><span class='ocrx_word' id='word_1_173' title='bbox 251 1496 374 1535; x_wconf 83' lang='lat' dir='ltr'>quam</span> <span class='ocrx_word' id='word_1_174' title='bbox 395 1482 650 1531; x_wconf 88' lang='lat' dir='ltr'>euanuisset,</span> <span class='ocrx_word' id='word_1_175' title='bbox 684 1483 752 1521; x_wconf 83' lang='lat' dir='ltr'>ille</span> <span class='ocrx_word' id='word_1_176' title='bbox 777 1482 827 1522; x_wconf 91' lang='lat' dir='ltr'>de</span> <span class='ocrx_word' id='word_1_177' title='bbox 847 1496 920 1522; x_wconf 89' lang='lat' dir='ltr'>suo</span> <span class='ocrx_word' id='word_1_178' title='bbox 942 1483 1112 1535; x_wconf 84' lang='lat' dir='ltr'>ingenio</span> <span class='ocrx_word' id='word_1_179' title='bbox 1134 1482 1342 1522; x_wconf 84' lang='lat' dir='ltr'>addiderit</span> <span class='ocrx_word' id='word_1_180' title='bbox 1363 1483 1631 1531; x_wconf 87' lang='lat' dir='ltr'>coniecturas,</span> <span class='ocrx_word' id='word_1_181' title='bbox 1663 1483 1786 1523; x_wconf 87' lang='lat' dir='ltr'>tertia</span> 
     </span>
     <span class='ocr_line' id='line_1_21' title="bbox 253 1550 1784 1603; baseline 0 -13"><span class='ocrx_word' id='word_1_182' title='bbox 253 1551 435 1602; x_wconf 83' lang='lat' dir='ltr'>denique</span> <span class='ocrx_word' id='word_1_183' title='bbox 464 1550 603 1589; x_wconf 80' lang='lat' dir='ltr'>classis</span> <span class='ocrx_word' id='word_1_184' title='bbox 635 1563 687 1590; x_wconf 84' lang='lat' dir='ltr'>ex</span> <span class='ocrx_word' id='word_1_185' title='bbox 707 1550 930 1603; x_wconf 86' lang='lat' dir='ltr'>archetypo</span> <span class='ocrx_word' id='word_1_186' title='bbox 951 1563 1080 1601; x_wconf 90' lang='lat' dir='ltr'>prauo</span> <span class='ocrx_word' id='word_1_187' title='bbox 1111 1555 1151 1589; x_wconf 87' lang='lat' dir='ltr'>et</span> <span class='ocrx_word' id='word_1_188' title='bbox 1171 1550 1412 1589; x_wconf 88' lang='lat' dir='ltr'>mendorum</span> <span class='ocrx_word' id='word_1_189' title='bbox 1433 1550 1784 1590; x_wconf 85' lang='lat' dir='ltr'>emendationum-</span> 
     </span>
     <span class='ocr_line' id='line_1_22' title="bbox 252 1616 1784 1671; baseline 0 -14"><span class='ocrx_word' id='word_1_190' title='bbox 252 1631 331 1671; x_wconf 89' lang='lat' dir='ltr'>que</span> <span class='ocrx_word' id='word_1_191' title='bbox 361 1631 435 1670; x_wconf 88' lang='lat' dir='ltr'>per</span> <span class='ocrx_word' id='word_1_192' title='bbox 472 1617 685 1656; x_wconf 91' lang='lat' dir='ltr'>leuitatem</span> <span class='ocrx_word' id='word_1_193' title='bbox 722 1617 921 1657; x_wconf 86' lang='lat' dir='ltr'>factarum</span> <span class='ocrx_word' id='word_1_194' title='bbox 959 1617 1083 1669; x_wconf 88' lang='lat' dir='ltr'>pleno</span> <span class='ocrx_word' id='word_1_195' title='bbox 1123 1616 1352 1657; x_wconf 86' lang='lat' dir='ltr'>manauerit</span> <span class='ocrx_word' id='word_1_196' title='bbox 1383 1618 1610 1670; x_wconf 88' lang='lat' dir='ltr'>eademque</span> <span class='ocrx_word' id='word_1_197' title='bbox 1639 1623 1784 1670; x_wconf 84' lang='lat' dir='ltr'>postea</span> 
     </span>
     <span class='ocr_line' id='line_1_23' title="bbox 251 1685 1782 1737; baseline 0.001 -13"><span class='ocrx_word' id='word_1_198' title='bbox 251 1685 428 1737; x_wconf 89' lang='lat' dir='ltr'>propriis</span> <span class='ocrx_word' id='word_1_199' title='bbox 458 1685 747 1724; x_wconf 88' lang='lat' dir='ltr'>monachorum</span> <span class='ocrx_word' id='word_1_200' title='bbox 777 1686 1014 1724; x_wconf 89' lang='lat' dir='ltr'>commentis</span> <span class='ocrx_word' id='word_1_201' title='bbox 1046 1685 1137 1737; x_wconf 91' lang='lat' dir='ltr'>plus</span> <span class='ocrx_word' id='word_1_202' title='bbox 1167 1686 1211 1723; x_wconf 91' lang='lat' dir='ltr'>in</span> <span class='ocrx_word' id='word_1_203' title='bbox 1244 1685 1329 1724; x_wconf 87' lang='lat' dir='ltr'>dies</span> <span class='ocrx_word' id='word_1_204' title='bbox 1359 1686 1514 1737; x_wconf 88' lang='lat' dir='ltr'>ceperit</span> <span class='ocrx_word' id='word_1_205' title='bbox 1534 1685 1782 1727; x_wconf 87' lang='lat' dir='ltr'>detrimenti.</span> 
     </span>
     <span class='ocr_line' id='line_1_24' title="bbox 252 1751 1784 1806; baseline 0.001 -14"><span class='ocrx_word' id='word_1_206' title='bbox 252 1754 392 1805; x_wconf 88' lang='lat' dir='ltr'>itaque</span> <span class='ocrx_word' id='word_1_207' title='bbox 421 1753 490 1801; x_wconf 87' lang='lat' dir='ltr'>iis,</span> <span class='ocrx_word' id='word_1_208' title='bbox 524 1753 594 1805; x_wconf 88' lang='lat' dir='ltr'>qui</span> <span class='ocrx_word' id='word_1_209' title='bbox 623 1758 668 1792; x_wconf 91' lang='lat' dir='ltr'>ut</span> <span class='ocrx_word' id='word_1_210' title='bbox 698 1758 857 1792; x_wconf 86' lang='lat' dir='ltr'>nosmet</span> <span class='ocrx_word' id='word_1_211' title='bbox 887 1766 1006 1792; x_wconf 87' lang='lat' dir='ltr'>ueras</span> <span class='ocrx_word' id='word_1_212' title='bbox 1037 1753 1260 1791; x_wconf 82' lang='lat' dir='ltr'>communis</span> <span class='ocrx_word' id='word_1_213' title='bbox 1296 1752 1511 1806; x_wconf 86' lang='lat' dir='ltr'>archetypi</span> <span class='ocrx_word' id='word_1_214' title='bbox 1530 1751 1626 1791; x_wconf 89' lang='lat' dir='ltr'>libri</span> <span class='ocrx_word' id='word_1_215' title='bbox 1645 1753 1784 1793; x_wconf 85' lang='lat' dir='ltr'>lectio-</span> 
     </span>
     <span class='ocr_line' id='line_1_25' title="bbox 253 1820 1786 1873; baseline 0.001 -14"><span class='ocrx_word' id='word_1_216' title='bbox 253 1834 327 1861; x_wconf 88' lang='lat' dir='ltr'>nes</span> <span class='ocrx_word' id='word_1_217' title='bbox 358 1821 605 1873; x_wconf 86' lang='lat' dir='ltr'>perscrutari</span> <span class='ocrx_word' id='word_1_218' title='bbox 642 1821 802 1868; x_wconf 87' lang='lat' dir='ltr'>uolent,</span> <span class='ocrx_word' id='word_1_219' title='bbox 844 1820 1075 1872; x_wconf 88' lang='lat' dir='ltr'>repellendi</span> <span class='ocrx_word' id='word_1_220' title='bbox 1112 1826 1231 1860; x_wconf 88' lang='lat' dir='ltr'>erunt</span> <span class='ocrx_word' id='word_1_221' title='bbox 1268 1820 1398 1872; x_wconf 88' lang='lat' dir='ltr'>primo</span> <span class='ocrx_word' id='word_1_222' title='bbox 1438 1821 1617 1872; x_wconf 80' lang='lat' dir='ltr'>optimae</span> <span class='ocrx_word' id='word_1_223' title='bbox 1647 1821 1786 1860; x_wconf 76' lang='lat' dir='ltr'>classis</span> 
     </span>
     <span class='ocr_line' id='line_1_26' title="bbox 254 1888 1785 1940; baseline 0.001 -13"><span class='ocrx_word' id='word_1_224' title='bbox 254 1902 409 1928; x_wconf 88' lang='lat' dir='ltr'>errores</span> <span class='ocrx_word' id='word_1_225' title='bbox 441 1894 481 1927; x_wconf 89' lang='lat' dir='ltr'>et</span> <span class='ocrx_word' id='word_1_226' title='bbox 510 1888 820 1936; x_wconf 89' lang='lat' dir='ltr'>inmutationes,</span> <span class='ocrx_word' id='word_1_227' title='bbox 863 1888 1017 1927; x_wconf 86' lang='lat' dir='ltr'>deinde</span> <span class='ocrx_word' id='word_1_228' title='bbox 1053 1888 1263 1927; x_wconf 84' lang='lat' dir='ltr'>secundae</span> <span class='ocrx_word' id='word_1_229' title='bbox 1301 1888 1442 1927; x_wconf 83' lang='lat' dir='ltr'>classis</span> <span class='ocrx_word' id='word_1_230' title='bbox 1473 1901 1557 1927; x_wconf 90' lang='lat' dir='ltr'>non</span> <span class='ocrx_word' id='word_1_231' title='bbox 1588 1902 1785 1940; x_wconf 87' lang='lat' dir='ltr'>gramma-</span> 
     </span>
     <span class='ocr_line' id='line_1_27' title="bbox 254 1955 1786 2008; baseline 0 -14"><span class='ocrx_word' id='word_1_232' title='bbox 254 1956 359 1995; x_wconf 87' lang='lat' dir='ltr'>ticae</span> <span class='ocrx_word' id='word_1_233' title='bbox 388 1956 463 1995; x_wconf 86' lang='lat' dir='ltr'>sed</span> <span class='ocrx_word' id='word_1_234' title='bbox 493 1956 722 1995; x_wconf 87' lang='lat' dir='ltr'>rhetoricae</span> <span class='ocrx_word' id='word_1_235' title='bbox 758 1956 827 1995; x_wconf 90' lang='lat' dir='ltr'>uel</span> <span class='ocrx_word' id='word_1_236' title='bbox 865 1957 1050 2008; x_wconf 89' lang='lat' dir='ltr'>poeticae</span> <span class='ocrx_word' id='word_1_237' title='bbox 1082 1956 1393 1995; x_wconf 85' lang='lat' dir='ltr'>emendationes</span> <span class='ocrx_word' id='word_1_238' title='bbox 1424 1956 1536 1995; x_wconf 86' lang='lat' dir='ltr'>haud</span> <span class='ocrx_word' id='word_1_239' title='bbox 1570 1955 1676 1995; x_wconf 87' lang='lat' dir='ltr'>sine·</span> <span class='ocrx_word' id='word_1_240' title='bbox 1695 1956 1786 1995; x_wconf 90' lang='lat' dir='ltr'>dili-</span> 
     </span>
     <span class='ocr_line' id='line_1_28' title="bbox 255 2023 1786 2076; baseline 0.001 -15"><span class='ocrx_word' id='word_1_241' title='bbox 255 2023 395 2074; x_wconf 87' lang='lat' dir='ltr'>gentia</span> <span class='ocrx_word' id='word_1_242' title='bbox 417 2025 684 2076; x_wconf 85' lang='lat' dir='ltr'>excogitatae,</span> <span class='ocrx_word' id='word_1_243' title='bbox 708 2025 829 2063; x_wconf 87' lang='lat' dir='ltr'>tertio</span> <span class='ocrx_word' id='word_1_244' title='bbox 851 2023 1026 2076; x_wconf 86' lang='lat' dir='ltr'>plurima</span> <span class='ocrx_word' id='word_1_245' title='bbox 1041 2023 1332 2063; x_wconf 87' lang='lat' dir='ltr'>monachorum</span> <span class='ocrx_word' id='word_1_246' title='bbox 1347 2023 1499 2062; x_wconf 88' lang='lat' dir='ltr'>menda</span> <span class='ocrx_word' id='word_1_247' title='bbox 1519 2023 1786 2076; x_wconf 87' lang='lat' dir='ltr'>ineptiaeque</span> 
     </span>
     <span class='ocr_line' id='line_1_29' title="bbox 255 2091 1785 2143; baseline 0.002 -14"><span class='ocrx_word' id='word_1_248' title='bbox 255 2104 361 2143; x_wconf 89' lang='lat' dir='ltr'>quae</span> <span class='ocrx_word' id='word_1_249' title='bbox 398 2091 440 2129; x_wconf 89' lang='lat' dir='ltr'>in</span> <span class='ocrx_word' id='word_1_250' title='bbox 483 2092 702 2131; x_wconf 88' lang='lat' dir='ltr'>deterrima</span> <span class='ocrx_word' id='word_1_251' title='bbox 741 2093 871 2131; x_wconf 85' lang='lat' dir='ltr'>classe</span> <span class='ocrx_word' id='word_1_252' title='bbox 901 2092 1176 2143; x_wconf 87' lang='lat' dir='ltr'>reperiuntur.</span> <span class='ocrx_word' id='word_1_253' title='bbox 1235 2092 1313 2130; x_wconf 90' lang='lat' dir='ltr'>hoc</span> <span class='ocrx_word' id='word_1_254' title='bbox 1343 2091 1376 2130; x_wconf 87' lang='lat' dir='ltr'>si</span> <span class='ocrx_word' id='word_1_255' title='bbox 1408 2091 1572 2139; x_wconf 85' lang='lat' dir='ltr'>feceris,</span> <span class='ocrx_word' id='word_1_256' title='bbox 1613 2091 1785 2132; x_wconf 85' lang='lat' dir='ltr'>formam</span> 
     </span>
     <span class='ocr_line' id='line_1_30' title="bbox 255 2157 1787 2211; baseline 0.001 -14"><span class='ocrx_word' id='word_1_257' title='bbox 255 2158 470 2211; x_wconf 85' lang='lat' dir='ltr'>archetypi</span> <span class='ocrx_word' id='word_1_258' title='bbox 496 2160 717 2199; x_wconf 85' lang='lat' dir='ltr'>Horatiani</span> <span class='ocrx_word' id='word_1_259' title='bbox 746 2160 955 2207; x_wconf 89' lang='lat' dir='ltr'>inuenies,</span> <span class='ocrx_word' id='word_1_260' title='bbox 987 2159 1080 2198; x_wconf 84' lang='lat' dir='ltr'>libri</span> <span class='ocrx_word' id='word_1_261' title='bbox 1111 2160 1240 2211; x_wconf 89' lang='lat' dir='ltr'>primo</span> <span class='ocrx_word' id='word_1_262' title='bbox 1263 2160 1437 2198; x_wconf 87' lang='lat' dir='ltr'>fortasse</span> <span class='ocrx_word' id='word_1_263' title='bbox 1467 2164 1559 2210; x_wconf 88' lang='lat' dir='ltr'>post</span> <span class='ocrx_word' id='word_1_264' title='bbox 1581 2157 1787 2199; x_wconf 84' lang='lat' dir='ltr'>Christum</span> 
     </span>
     <span class='ocr_line' id='line_1_31' title="bbox 257 2226 1422 2279; baseline -0.001 -14"><span class='ocrx_word' id='word_1_265' title='bbox 257 2227 420 2266; x_wconf 90' lang='lat' dir='ltr'>saeculo</span> <span class='ocrx_word' id='word_1_266' title='bbox 452 2226 716 2267; x_wconf 87' lang='lat' dir='ltr'>adscribendi</span> <span class='ocrx_word' id='word_1_267' title='bbox 746 2228 969 2279; x_wconf 86' lang='lat' dir='ltr'>paucisque</span> <span class='ocrx_word' id='word_1_268' title='bbox 1000 2227 1159 2266; x_wconf 85' lang='lat' dir='ltr'>mendis</span> <span class='ocrx_word' id='word_1_269' title='bbox 1192 2227 1422 2279; x_wconf 86' lang='lat' dir='ltr'>deprauati.</span> 
     </span>
    </p>

    <p class='ocr_par' dir='ltr' id='par_1_3' title="bbox 256 2293 1787 2889">
     <span class='ocr_line' id='line_1_32' title="bbox 371 2293 1786 2347; baseline 0 -13"><span class='ocrx_word' id='word_1_270' title='bbox 371 2295 506 2347; x_wconf 73' lang='lat' dir='ltr'>Quam</span> <span class='ocrx_word' id='word_1_271' title='bbox 536 2296 583 2334; x_wconf 90' lang='lat' dir='ltr'>ob</span> <span class='ocrx_word' id='word_1_272' title='bbox 613 2307 699 2334; x_wconf 87' lang='lat' dir='ltr'>rem</span> <span class='ocrx_word' id='word_1_273' title='bbox 728 2295 807 2334; x_wconf 86' lang='lat' dir='ltr'>nisi</span> <span class='ocrx_word' id='word_1_274' title='bbox 837 2294 1049 2334; x_wconf 82' lang='lat' dir='ltr'>rarissimis</span> <span class='ocrx_word' id='word_1_275' title='bbox 1079 2295 1178 2334; x_wconf 89' lang='lat' dir='ltr'>locis</span> <span class='ocrx_word' id='word_1_276' title='bbox 1210 2309 1294 2334; x_wconf 91' lang='lat' dir='ltr'>non</span> <span class='ocrx_word' id='word_1_277' title='bbox 1324 2293 1549 2346; x_wconf 89' lang='lat' dir='ltr'>recepimus</span> <span class='ocrx_word' id='word_1_278' title='bbox 1580 2294 1786 2334; x_wconf 89' lang='lat' dir='ltr'>coniectu-</span> 
     </span>
     <span class='ocr_line' id='line_1_33' title="bbox 257 2361 1785 2415; baseline 0 -14"><span class='ocrx_word' id='word_1_279' title='bbox 257 2377 340 2411; x_wconf 85' lang='lat' dir='ltr'>ras,</span> <span class='ocrx_word' id='word_1_280' title='bbox 372 2368 587 2415; x_wconf 87' lang='lat' dir='ltr'>sperantes</span> <span class='ocrx_word' id='word_1_281' title='bbox 618 2364 707 2402; x_wconf 86' lang='lat' dir='ltr'>fore</span> <span class='ocrx_word' id='word_1_282' title='bbox 737 2368 783 2402; x_wconf 91' lang='lat' dir='ltr'>ut</span> <span class='ocrx_word' id='word_1_283' title='bbox 812 2362 941 2414; x_wconf 87' lang='lat' dir='ltr'>magis</span> <span class='ocrx_word' id='word_1_284' title='bbox 962 2363 1175 2414; x_wconf 86' lang='lat' dir='ltr'>magisque</span> <span class='ocrx_word' id='word_1_285' title='bbox 1206 2376 1346 2402; x_wconf 91' lang='lat' dir='ltr'>eorum</span> <span class='ocrx_word' id='word_1_286' title='bbox 1375 2361 1584 2401; x_wconf 88' lang='lat' dir='ltr'>sententia</span> <span class='ocrx_word' id='word_1_287' title='bbox 1604 2375 1785 2414; x_wconf 87' lang='lat' dir='ltr'>compro-</span> 
     </span>
     <span class='ocr_line' id='line_1_34' title="bbox 256 2429 1786 2483; baseline -0.001 -13"><span class='ocrx_word' id='word_1_288' title='bbox 256 2431 385 2479; x_wconf 86' lang='lat' dir='ltr'>betur,</span> <span class='ocrx_word' id='word_1_289' title='bbox 418 2430 489 2483; x_wconf 90' lang='lat' dir='ltr'>qui</span> <span class='ocrx_word' id='word_1_290' title='bbox 518 2430 737 2470; x_wconf 86' lang='lat' dir='ltr'>Horatium</span> <span class='ocrx_word' id='word_1_291' title='bbox 766 2436 941 2482; x_wconf 86' lang='lat' dir='ltr'>poetam,</span> <span class='ocrx_word' id='word_1_292' title='bbox 974 2431 1008 2470; x_wconf 90' lang='lat' dir='ltr'>si</span> <span class='ocrx_word' id='word_1_293' title='bbox 1039 2444 1128 2470; x_wconf 86' lang='lat' dir='ltr'>cum</span> <span class='ocrx_word' id='word_1_294' title='bbox 1149 2431 1294 2470; x_wconf 88' lang='lat' dir='ltr'>ceteris</span> <span class='ocrx_word' id='word_1_295' title='bbox 1315 2429 1625 2481; x_wconf 87' lang='lat' dir='ltr'>comparaueris,</span> <span class='ocrx_word' id='word_1_296' title='bbox 1657 2443 1786 2483; x_wconf 82' lang='lat' dir='ltr'>prope</span> 
     </span>
     <span class='ocr_line' id='line_1_35' title="bbox 256 2497 1786 2550; baseline 0 -14"><span class='ocrx_word' id='word_1_297' title='bbox 256 2498 461 2549; x_wconf 83' lang='lat' dir='ltr'>integrum</span> <span class='ocrx_word' id='word_1_298' title='bbox 490 2498 721 2550; x_wconf 88' lang='lat' dir='ltr'>posteritati</span> <span class='ocrx_word' id='word_1_299' title='bbox 752 2498 958 2550; x_wconf 89' lang='lat' dir='ltr'>proditum</span> <span class='ocrx_word' id='word_1_300' title='bbox 990 2511 1067 2538; x_wconf 90' lang='lat' dir='ltr'>nec</span> <span class='ocrx_word' id='word_1_301' title='bbox 1099 2499 1268 2550; x_wconf 86' lang='lat' dir='ltr'>dignum</span> <span class='ocrx_word' id='word_1_302' title='bbox 1298 2510 1387 2536; x_wconf 88' lang='lat' dir='ltr'>esse</span> <span class='ocrx_word' id='word_1_303' title='bbox 1419 2497 1558 2535; x_wconf 86' lang='lat' dir='ltr'>dicant</span> <span class='ocrx_word' id='word_1_304' title='bbox 1579 2497 1650 2549; x_wconf 87' lang='lat' dir='ltr'>qui</span> <span class='ocrx_word' id='word_1_305' title='bbox 1679 2511 1786 2537; x_wconf 87' lang='lat' dir='ltr'>com-</span> 
     </span>
     <span class='ocr_line' id='line_1_36' title="bbox 257 2565 1785 2619; baseline 0 -15"><span class='ocrx_word' id='word_1_306' title='bbox 257 2566 405 2604; x_wconf 88' lang='lat' dir='ltr'>mentis</span> <span class='ocrx_word' id='word_1_307' title='bbox 437 2572 478 2604; x_wconf 89' lang='lat' dir='ltr'>et</span> <span class='ocrx_word' id='word_1_308' title='bbox 507 2566 749 2605; x_wconf 81' lang='lat' dir='ltr'>coniecturis</span> <span class='ocrx_word' id='word_1_309' title='bbox 780 2572 971 2614; x_wconf 82' lang='lat' dir='ltr'>uexetur‚</span> <span class='ocrx_word' id='word_1_310' title='bbox 1004 2567 1207 2619; x_wconf 88' lang='lat' dir='ltr'>siquidem</span> <span class='ocrx_word' id='word_1_311' title='bbox 1229 2565 1407 2605; x_wconf 83' lang='lat' dir='ltr'>omnium</span> <span class='ocrx_word' id='word_1_312' title='bbox 1427 2569 1657 2603; x_wconf 89' lang='lat' dir='ltr'>nostrorum</span> <span class='ocrx_word' id='word_1_313' title='bbox 1677 2565 1785 2604; x_wconf 90' lang='lat' dir='ltr'>codi-</span> 
     </span>
     <span class='ocr_line' id='line_1_37' title="bbox 260 2631 1784 2686; baseline 0 -15"><span class='ocrx_word' id='word_1_314' title='bbox 260 2646 347 2671; x_wconf 89' lang='lat' dir='ltr'>cum</span> <span class='ocrx_word' id='word_1_315' title='bbox 378 2634 627 2686; x_wconf 86' lang='lat' dir='ltr'>archetypus</span> <span class='ocrx_word' id='word_1_316' title='bbox 657 2635 738 2673; x_wconf 88' lang='lat' dir='ltr'>iam</span> <span class='ocrx_word' id='word_1_317' title='bbox 773 2634 873 2685; x_wconf 91' lang='lat' dir='ltr'>ipsis</span> <span class='ocrx_word' id='word_1_318' title='bbox 904 2635 1122 2685; x_wconf 89' lang='lat' dir='ltr'>primorum</span> <span class='ocrx_word' id='word_1_319' title='bbox 1154 2633 1374 2673; x_wconf 80' lang='lat' dir='ltr'>Caesarum</span> <span class='ocrx_word' id='word_1_320' title='bbox 1407 2631 1659 2684; x_wconf 80' lang='lat' dir='ltr'>temporibus</span> <span class='ocrx_word' id='word_1_321' title='bbox 1690 2645 1784 2671; x_wconf 88' lang='lat' dir='ltr'>con-</span> 
     </span>
     <span class='ocr_line' id='line_1_38' title="bbox 259 2699 1786 2754; baseline 0 -16"><span class='ocrx_word' id='word_1_322' title='bbox 259 2701 434 2752; x_wconf 90' lang='lat' dir='ltr'>scriptus</span> <span class='ocrx_word' id='word_1_323' title='bbox 466 2707 540 2741; x_wconf 90' lang='lat' dir='ltr'>est.</span> <span class='ocrx_word' id='word_1_324' title='bbox 600 2707 753 2754; x_wconf 86' lang='lat' dir='ltr'>quanto</span> <span class='ocrx_word' id='word_1_325' title='bbox 784 2702 911 2753; x_wconf 87' lang='lat' dir='ltr'>magis</span> <span class='ocrx_word' id='word_1_326' title='bbox 942 2714 1042 2740; x_wconf 87' lang='lat' dir='ltr'>sane</span> <span class='ocrx_word' id='word_1_327' title='bbox 1073 2702 1116 2739; x_wconf 90' lang='lat' dir='ltr'>in</span> <span class='ocrx_word' id='word_1_328' title='bbox 1146 2701 1351 2754; x_wconf 88' lang='lat' dir='ltr'>plerisque</span> <span class='ocrx_word' id='word_1_329' title='bbox 1381 2699 1589 2739; x_wconf 87' lang='lat' dir='ltr'>ueteribus</span> <span class='ocrx_word' id='word_1_330' title='bbox 1619 2700 1786 2752; x_wconf 87' lang='lat' dir='ltr'>scripto-</span> 
     </span>
     <span class='ocr_line' id='line_1_39' title="bbox 259 2765 1787 2816; baseline 0.001 -11"><span class='ocrx_word' id='word_1_331' title='bbox 259 2766 391 2815; x_wconf 89' lang='lat' dir='ltr'>ribus,</span> <span class='ocrx_word' id='word_1_332' title='bbox 432 2775 477 2807; x_wconf 83' lang='lat' dir='ltr'>ut</span> <span class='ocrx_word' id='word_1_333' title='bbox 506 2769 550 2807; x_wconf 92' lang='lat' dir='ltr'>in</span> <span class='ocrx_word' id='word_1_334' title='bbox 581 2770 701 2808; x_wconf 87' lang='lat' dir='ltr'>Liuio</span> <span class='ocrx_word' id='word_1_335' title='bbox 733 2770 878 2808; x_wconf 84' lang='lat' dir='ltr'>Tacito</span> <span class='ocrx_word' id='word_1_336' title='bbox 911 2768 1099 2816; x_wconf 82' lang='lat' dir='ltr'>Graecis,</span> <span class='ocrx_word' id='word_1_337' title='bbox 1142 2768 1327 2808; x_wconf 87' lang='lat' dir='ltr'>destituti</span> <span class='ocrx_word' id='word_1_338' title='bbox 1356 2780 1491 2805; x_wconf 90' lang='lat' dir='ltr'>sumus</span> <span class='ocrx_word' id='word_1_339' title='bbox 1522 2767 1637 2806; x_wconf 88' lang='lat' dir='ltr'>libris</span> <span class='ocrx_word' id='word_1_340' title='bbox 1667 2765 1787 2807; x_wconf 88' lang='lat' dir='ltr'>bonis</span> 
     </span>
     <span class='ocr_line' id='line_1_40' title="bbox 261 2834 1786 2889; baseline 0.001 -16"><span class='ocrx_word' id='word_1_341' title='bbox 261 2834 474 2887; x_wconf 87' lang='lat' dir='ltr'>isdemque</span> <span class='ocrx_word' id='word_1_342' title='bbox 507 2837 703 2888; x_wconf 88' lang='lat' dir='ltr'>antiquis!</span> <span class='ocrx_word' id='word_1_343' title='bbox 736 2850 857 2889; x_wconf 89' lang='lat' dir='ltr'>quam</span> <span class='ocrx_word' id='word_1_344' title='bbox 887 2837 1007 2875; x_wconf 85' lang='lat' dir='ltr'>aliter</span> <span class='ocrx_word' id='word_1_345' title='bbox 1035 2837 1077 2875; x_wconf 92' lang='lat' dir='ltr'>hi</span> <span class='ocrx_word' id='word_1_346' title='bbox 1108 2836 1161 2875; x_wconf 92' lang='lat' dir='ltr'>ad</span> <span class='ocrx_word' id='word_1_347' title='bbox 1191 2841 1370 2874; x_wconf 89' lang='lat' dir='ltr'>nostram</span> <span class='ocrx_word' id='word_1_348' title='bbox 1390 2835 1625 2873; x_wconf 90' lang='lat' dir='ltr'>memoriam</span> <span class='ocrx_word' id='word_1_349' title='bbox 1644 2847 1786 2886; x_wconf 88' lang='lat' dir='ltr'>perue-</span> 
     </span>
    </p>
   </div>
  </div>
 </body>
</html>
