1890 3106
232 157 315 201 348
708 169 867 197 nomm
897 169 952 194 nn
984 166 1091 194 ARTE
1122 165 1304 194 PonnoA

353 295 511 336 semper
543 283 582 322 in
616 281 811 322 adiunctis
842 291 1020 330 aeuoque
1051 277 1295 318 morabimur
1326 276 1440 328 aptis.

351 363 418 398 aut
450 357 578 408 agitur
608 368 673 395 res
703 355 745 394 in
776 355 930 394 scaenis
961 357 1027 392 aut
1056 357 1141 392 acta
1172 352 1357 392 refertur.

349 432 510 483 segnius
541 430 706 469 inritant
735 429 887 468 animos
919 426 1088 467 demissa
1119 438 1191 479 per
1222 437 1358 465 aurem
1705 429 1772 462 180

353 517 470 557 quam
503 515 604 555 quae
636 507 727 543 sunt
757 500 882 541 oculis
912 499 1087 540 subiecta
1117 498 1299 539 fidelibus
1331 503 1371 538 et
1401 509 1501 549 quae

350 581 434 631 ipse
465 577 541 618 sibi
572 576 692 616 tradit
723 579 944 628 spectator:
977 586 1057 614 non
1088 579 1220 613 tamen
1251 573 1359 612 intus

352 653 470 704 digna
502 652 587 703 geri
617 661 777 703 promes
807 650 847 688 in
879 660 1084 693 scaenam,
1117 646 1318 699 multaque
1349 644 1463 685 tolles

353 740 401 766 cx
432 724 555 765 oculis
587 736 686 777 quae
718 736 810 763 mox
840 728 977 762 narret
1007 720 1187 762 facundia
1221 732 1430 772 praesens*

354 813 404 839 ne
434 810 581 852 pueros
612 809 746 837 coram
777 795 926 848 populo
957 794 1095 835 Medea
1124 794 1315 839 trucidet,
1707 798 1772 830 185

354 878 420 913 aut
450 871 623 912 humana
653 870 780 923 palam
813 865 988 922 quoquat
1019 874 1106 908 exta
1144 868 1319 907 nefarius
1350 867 1512 912 Atreus,

353 953 419 986 aut
450 947 491 985 in
522 957 637 984 auem
668 944 823 983 Procne
854 947 1053 988 uertatur,
1086 940 1258 982 Cadmus
1288 941 1329 979 in
1360 951 1542 991 anguem.

354 1019 632 1072 quodcumque
664 1016 839 1057 ostendis
870 1016 967 1055 mihi
998 1017 1076 1062 sic,
1108 1014 1338 1055 incredulus
1369 1013 1446 1054 odi.

354 1105 456 1134 neue
487 1093 618 1131 minor
650 1103 727 1131 neu
759 1091 810 1130 sit
841 1091 978 1142 quinto
1009 1088 1243 1142 productior
1273 1093 1364 1128 actu

245 1220 512 1250 TESTIMONIA.

241 1275 317 1309 1111
335 1277 367 1316 5,
383 1276 442 1306 14:
461 1277 471 1293 ‘
483 1276 608 1316 partes
628 1272 725 1304 enim
742 1272 901 1304 uirorum
918 1271 1031 1311 uiros,
1051 1270 1267 1302 feminarum
1286 1269 1460 1307 feminas,
1477 1271 1517 1301 ut
1534 1267 1643 1301 docet
1660 1268 1777 1301 Hora·

241 1323 334 1361 tius,
361 1329 471 1362 agere
498 1318 692 1351 conuenit’
788 1318 852 1350 179
877 1316 1075 1349 Diomedes
1100 1326 1134 1358 p.
1158 1316 1225 1347 490
1242 1315 1286 1346 Κ.
1383 1315 1490 1347 180-
1507 1314 1571 1346 182
1597 1313 1778 1356 ‘Segnius

240 1385 285 1390 —
311 1365 518 1408 spectator'
544 1363 697 1405 florileg.
724 1362 958 1397 Nostradam.
1077 1363 1141 1394 180
1166 1370 1220 1402 sq.
1251 1359 1420 1402 ‘segnius
1444 1359 1594 1391 irritant
1619 1359 1778 1391 animum

243 1412 393 1444 dimissa
419 1421 484 1453 per
509 1419 652 1449 aurem,
687 1418 795 1450 quam
827 1418 921 1450 quae
954 1410 1039 1440 sunt
1065 1406 1181 1439 oculis
1207 1405 1375 1438 subiecta
1405 1404 1595 1437 fidelibus’
1629 1414 1675 1436 ex
1698 1405 1777 1436 uita

242 1456 364 1490 sancti
389 1454 588 1488 Moehullei
615 1454 873 1486 Hiberniensis
897 1453 1063 1495 episcopi
1090 1450 1200 1494 [mon.
1229 1451 1349 1485 Germ.
1377 1450 1441 1484 SS.
1466 1450 1536 1482 XX
1561 1446 1644 1492 512]

242 1502 412 1545 ‘segnius
436 1518 482 1524 -—
504 1499 691 1532 fidelibus'
718 1499 852 1531 Petrus
878 1498 1132 1530 Cluniaeensis
1165 1500 1293 1528 contra
1318 1495 1629 1528 Petrobrasianos
1654 1494 1779 1527 haere-

242 1549 337 1580 ticos
363 1546 470 1589 epist.
500 1544 684 1588 [biblioth.
712 1543 947 1576 cluniacens.
974 1554 1007 1585 p.
1036 1540 1161 1584 11960]
1198 1542 1348 1573 loannis
1380 1540 1672 1574 Saresberiensis
1698 1539 1777 1582 qui-

242 1594 325 1626 dam
357 1592 495 1624 amicus
528 1589 644 1633 [apud
677 1589 793 1622 Giles.
827 1589 989 1621 'rhomae
1022 1586 1287 1620 cantuarensis
1320 1596 1418 1628 oper.
1445 1585 1521 1617 1111
1551 1595 1585 1627 p.
1611 1582 1693 1627 301]
1727 1584 1776 1619 cf.

244 1638 425 1672 Nazarius
452 1645 627 1679 panegyr.
652 1634 845 1666 Constant.
871 1634 963 1676 Aug.
989 1643 1019 1666 c.
1045 1635 1105 1665 32:
1140 1630 1209 1664 ‘ad
1240 1632 1399 1663 animum
1429 1630 1641 1672 languidius
1671 1639 1778 1662 acce-

244 1684 356 1720 dunt,
385 1692 478 1724 quae
506 1680 648 1713 aurium
672 1679 733 1711 uia
759 1681 926 1717 manant,
953 1688 1061 1720 quam
1079 1688 1172 1719 quae
1190 1677 1306 1708 oculis
1324 1676 1561 1708 hauriuntur’
1645 1676 1710 1708 187
1726 1674 1776 1707 cf.

246 1727 478 1761 Claudianus
503 1727 521 1759 I
546 1726 697 1766 Eutrop.
722 1726 806 1757 ⁶293:
842 1724 901 1755 ‘in
931 1723 1119 1756 uolucrem
1142 1722 1301 1762 Tereus,
1335 1721 1495 1754 Cadmus
1526 1731 1565 1753 se
1593 1720 1710 1753 uertit
1738 1720 1778 1752 in

245 1775 424 1816 anguem’

245 1889 373 1917 VARIA
405 1886 573 1914 LECTIO.

361 1957 397 1981 u.
433 1945 512 1981 178
544 1945 613 1980 del.
644 1943 882 1980 Rz'bbeclcius
1008 1941 1086 1978 178
1118 1939 1339 1977 morabimur
1367 1953 1391 1990 γ
1411 1952 1435 1977 u
1456 1938 1478 1976 λ
1508 1951 1610 1977 corr.
1634 1949 1648 1975 1
1677 1943 1744 1976 aut
1766 1950 1783 1977 2

245 1995 334 2051 (β’σ
355 2015 378 2038 a
407 2014 428 2037 ν
457 2013 482 2036 υ
512 2007 543 2035 et
571 1999 692 2047 Lips.)
725 2004 881 2037 tractat.
918 1999 1122 2036 Vz'ndobon.
1156 1996 1355 2034 morabitur
1385 1997 1422 2033 B
1442 1997 1480 2033 F
1498 1993 1537 2031 λ’
1559 1992 1582 2031 δ
1609 1994 1644 2043 (τ
1674 2002 1708 2031 et
1734 1995 1777 2045 π)

248 2062 523 2096 commentator
555 2057 820 2105 Cruquictnus,
855 2056 884 2093 C
912 2068 987 2092 non
1017 2056 1137 2103 liquet
1230 2054 1302 2102 apti
1334 2054 1371 2089 B
1487 2053 1566 2090 179
1597 2053 1780 2103 scaenisy

246 2117 283 2152 B
303 2125 337 2163 ψ
359 2111 399 2150 λ’
421 2113 458 2161 (σ
481 2113 518 2161 α)
540 2126 564 2162 y
584 2114 682 2161 Pph.
714 2109 875 2160 Por-ph!
905 2113 1023 2148 scenis
1055 2116 1141 2148 cett.
1175 2111 1272 2146 omis.
1295 2110 1359 2158 Pf.
1479 2108 1560 2147 180
1588 2109 1739 2146 inritant
1758 2109 1779 2145 λ

244 2196 370 2231 iritant
396 2193 428 2229 B
459 2194 602 2229 irritant
631 2197 718 2229 cett.
751 2187 790 2235 ς’
822 2171 966 2240 ἰιτίῐὲηι
983 2193 1072 2239 flor.
1096 2191 1226 2227 Nostr.
1252 2186 1289 2238 (β
1310 2192 1348 2226 in
1370 2187 1466 2235 ras.)
1554 2186 1706 2223 demissa
1736 2183 1779 2223 Ω,

247 2248 299 2296 ς”
331 2251 480 2285 dimissa
509 2262 527 2284 τ
549 2250 564 2285 l
581 2262 606 2297 y
637 2253 791 2286 tractat.
828 2248 1029 2285 Vindobon.
1064 2247 1197 2281 emissa
1224 2248 1311 2295 flor.
1345 2246 1478 2283 Nostr.
1574 2254 1698 2281 aurem
1715 2238 1779 2280 52'

248 2304 306 2351 ς”
338 2311 495 2344 tractat.
531 2306 737 2343 Vindobon.
756 2307 919 2353 florileg).
943 2302 1190 2341 Nostradam.
1223 2304 1393 2340 Ioannes
1415 2302 1615 2339 Saresber.
1636 2300 1780 2337 Petrus

249 2364 423 2401 Cluniae.
456 2374 566 2397 aures
586 2374 612 2409 y
634 2359 822 2412 [Parisz'n.
845 2361 954 2398 8216
989 2356 1224 2410 Valentiam]
1316 2359 1394 2396 181
1422 2358 1607 2406 Quamque
1627 2356 1666 2392 B
1681 2356 1702 2392 λ
1723 2352 1747 2391 δ
1767 2366 1780 2392 1

366 2426 476 2469 etque
504 2432 528 2468 y
549 2419 569 2454 λ
687 2418 766 2455 183
798 2429 961 2454 scaenam
991 2418 1027 2453 B
1048 2423 1081 2464 ψ
1104 2410 1192 2467 (β’σ
1212 2429 1236 2453 α
1255 2417 1286 2464 Ζ)
1315 2427 1455 2452 scenam
1488 2418 1575 2452 cett.
1599 2409 1640 2456 ς’

250 2476 330 2515 184
361 2488 432 2525 que
463 2475 482 2510 λ
504 2488 528 2512 u
644 2475 755 2520 §sens
786 2475 959 2508 facundia
991 2475 1111 2508 narr&
1141 2485 1167 2520 y
1199 2470 1492 2523 [Montepessul.
1523 2463 1777 2519 Sor-bouem]

247 2547 326 2581 opp.
359 2537 517 2570 tractat.
554 2532 757 2570 Vindobon.
859 2531 938 2568 185
970 2530 1022 2567 Nc
1051 2527 1176 2573 &3⁰
1207 2534 1364 2566 tractat.
1399 2528 1602 2566 Vindobon.
1632 2526 1781 2561 restituit

248 2592 448 2628 Bentleius
479 2589 559 2623 Nec
579 2601 604 2625 v
622 2601 647 2636 y
668 2600 699 2624 ω
730 2588 813 2621 Neu
834 2601 860 2636 y
981 2587 1060 2624 186
1093 2590 1253 2635 quoquat
1276 2586 1306 2623 C
1327 2595 1340 2620 1
1362 2586 1401 2621 F
1416 2597 1442 2633 y
1463 2581 1508 2634 [β
1529 2584 1647 2621 Gron.
1669 2582 1780 2618 Mon-

248 2642 504 2696 tepessulan]
538 2650 671 2694 coquat
694 2644 723 2681 C
750 2639 1061 2692 coquat-censs*
1149 2642 1250 2679 nel'ar
1281 2647 1400 2678 atreus
1425 2641 1446 2676 λ
1534 2639 1612 2676 187
1642 2649 1779 2687 procne

248 2704 285 2739 F
303 2703 335 2750 (τ
358 2717 380 2739 ν
401 2714 414 2739 1
435 2709 468 2738 et
488 2703 593 2750 Lips.
617 2701 644 2749 1)
674 2712 747 2775 <pgne
769 2699 789 2735 λ
818 2711 960 2749 progne
991 2696 1093 2737 cett.'
1116 2696 1155 2744 ς’
1180 2698 1228 2746 (et
1248 2698 1291 2746 π)
1321 2700 1409 2747 illud
1436 2697 1670 2743 praetulimus
1695 2706 1779 2741 pro-

180 2775 188 2785 ³
246 2789 326 2827 pter
355 2784 493 2829 Vergil.
515 2793 645 2829 yeory.
675 2780 734 2816 1111
766 2779 818 2816 15
945 2779 1090 2816 cadmus
1119 2791 1142 2827 γ
1166 2778 1194 2814 C
1214 2774 1238 2812 ὃ
1257 2790 1281 2814 u
1311 2776 1473 2813 cathmus
1505 2777 1540 2812 B
1570 2773 1726 2811 cliathm'
1758 2773 1780 2810 λ

249 2860 419 2897 ehadmns
441 2862 478 2896 F
586 2860 663 2897 189
695 2840 807 2896 necuu
838 2870 911 2896 neu
933 2855 955 2894 ὃ
975 2870 1047 2895 neu
1068 2853 1170 2896 cells
1183 2854 1223 2901 ς’
1243 2856 1290 2899 (ει
1310 2850 1479 2903 π)ΡΡΙι.’
1506 2851 1634 2906 (nessu
1655 2851 1775 2902 Lips.)
