1890 3106
229 151 313 193 302
747 166 907 192 HORATI
938 165 1236 193 EPISTVLARVM

344 277 545 317 diuersum
579 277 743 317 confusa
775 289 900 328 genus
931 276 1122 329 panthera
1156 277 1305 317 camelo
1694 283 1758 315 195

343 352 427 390 siue
459 350 649 403 elephans
681 350 792 390 albus
821 350 961 402 *uolgi
991 356 1243 390 conuerteret
1274 362 1362 396 ora;

344 429 542 477 spectaret
571 424 760 477 populum
793 423 894 463 ludis
926 425 1110 464 attentius
1139 425 1254 475 ipsis,

345 503 389 537 ut
418 497 495 537 sibi
524 497 780 550 praebentem
813 499 935 537 nimio
966 497 1188 550 spectacula
1221 497 1354 550 plura,

345 573 561 624 scriptores
593 577 724 612 autem
757 584 921 612 narrare
952 577 1112 624 putaret
1142 570 1262 611 asello

346 645 529 686 fabellam
561 646 696 685 surdo.
758 658 848 686 nam
882 657 982 696 quae
1012 646 1251 697 peruincere
1282 657 1402 684 uoces
1695 645 1763 683 200

346 719 530 759 eualuere
562 731 725 766 sonum,
758 719 938 759 referunt
968 731 1087 772 quem
1118 724 1251 758 nostra
1285 719 1461 758 theatra?

345 793 572 845 Garganum
605 794 760 844 mugire
790 797 905 845 putes
937 805 1076 832 nemus
1107 797 1175 832 aut
1204 805 1314 832 mare
1344 792 1535 837 Tuscum,

345 871 453 906 tanto
485 879 576 906 cum
609 868 776 919 strepitu
807 865 889 906 ludi
919 871 1144 918 spectantur
1176 871 1214 906 et
1244 871 1367 912 artes,

345 940 585 992 diuitiaeque
615 941 870 992 peregrinae,
905 939 1049 990 quibus
1080 939 1225 980 oblitus
1255 945 1365 979 actor

347 1025 437 1054 cum
469 1014 578 1053 stetit
606 1014 646 1053 in
682 1025 845 1059 scaena,
879 1014 1083 1053 concurrit
1113 1013 1272 1053 dextera
1305 1012 1454 1053 laeuae.
1696 1019 1763 1051 205

347 1087 472 1127 ‘dixit
501 1086 629 1127 adhuc
661 1086 856 1138 aliquid?'
890 1087 968 1126 ‘nil
1000 1088 1131 1127 sane'.
1194 1087 1311 1138 ‘quid
1343 1086 1474 1139 placet
1503 1087 1648 1138 ergo?

346 1161 458 1200 ‘lana
489 1161 703 1200 Tarentino
734 1160 859 1200 uiolas
889 1162 1039 1201 imitata
1071 1161 1265 1200 ueneno'.

230 1299 500 1328 TESTIMONIA.

324 1356 388 1388 195
414 1365 469 1397 sq.
496 1354 711 1388 Priscianus
734 1355 852 1388 instit.
878 1355 910 1387 V
933 1354 972 1395 4,
999 1355 1042 1386 23
1137 1355 1202 1386 195
1227 1354 1441 1386 Priscianus
1467 1354 1517 1386 VI
1541 1355 1580 1395 5,
1606 1355 1648 1387 27

230 1484 360 1511 VARIA
388 1482 555 1509 LECTIO.

351 1539 429 1577 195
461 1545 610 1587 pantera
639 1538 677 1574 F
694 1533 733 1572 λ’
852 1539 929 1576 196
962 1538 1033 1574 Seu
1064 1539 1103 1574 E
1189 1538 1360 1585 elephans
1391 1538 1429 1574 E
1445 1549 1469 1586 γ
1490 1534 1587 1584 (πά
1606 1550 1674 1586 yur
1696 1548 1706 1574 1
1730 1544 1763 1573 et

234 1596 373 1644 Fran.)
405 1596 550 1644 elephas
582 1595 619 1630 F
646 1591 686 1629 λ’
716 1593 752 1641 (σ
781 1607 803 1631 r
822 1606 838 1631 2
866 1602 898 1629 et
926 1594 966 1644 β)
993 1595 1058 1642 Pf.
1090 1594 1204 1627 elefas
1233 1596 1269 1643 ,d
1293 1606 1319 1629 υ
1347 1594 1447 1641 ΡρΙι.
1479 1598 1524 1639 cs.
1565 1592 1762 1628 ‘Thoans'

237 1654 346 1691 Ouid.
379 1664 431 1690 ex
460 1652 582 1688 Ponto
605 1651 646 1686 ΙΙΙ
669 1651 714 1698 2,
737 1651 789 1688 59
879 1651 980 1700 uulgi
998 1647 1127 1694 52‘‹;“
1215 1655 1447 1686 conuerteret
1478 1651 1516 1686 Ε
1532 1651 1571 1687 F
1588 1647 1662 1700 λ’γ
1681 1661 1699 1687 2
1720 1647 1762 1694 ς’

233 1714 425 1744 conuertet
453 1701 504 1744 π’
533 1713 573 1745 ul
610 1709 685 1745 uid.
719 1709 944 1744 conuerterit
973 1720 997 1757 y
1028 1719 1039 1744 1
1071 1708 1268 1744 Prisciani
1305 1708 1411 1743 codd.
1452 1709 1582 1754 optimi
1616 1708 1764 1745 duobus

233 1770 351 1814 locis,
389 1766 559 1812 praetulit
589 1765 788 1802 Bentleius
824 1767 915 1800 conl.
949 1775 1061 1801 serm.
1094 1765 1107 1800 Ι
1141 1764 1186 1810 1,
1219 1763 1265 1810 2,
1306 1761 1543 1809 equamquam
1581 1764 1761 1798 utrumuis

234 1829 293 1858 sat
322 1822 503 1856 commode
534 1821 674 1855 admitti
695 1822 840 1866 potest’
932 1821 1011 1858 197
1043 1821 1217 1857 attentius
1237 1833 1261 1870 γ
1281 1819 1319 1866 (0'
1338 1832 1362 1856 a
1384 1832 1406 1856 r
1426 1832 1451 1856 v
1472 1827 1506 1855 et
1524 1819 1550 1870 β
1569 1819 1613 1867 π)
1643 1824 1762 1854 atten-

234 1881 314 1914 cius
343 1892 367 1928 9
398 1879 445 1926 (et
474 1880 599 1915 Fran.
632 1877 753 1925 Lips.)
783 1879 967 1915 attennius
999 1878 1037 1914 Ε
1063 1877 1244 1913 adtentius
1274 1877 1313 1913 F
1336 1870 1379 1912 λ’
1408 1877 1570 1911 atentius
1599 1878 1626 1914 d

236 1938 314 1975 198
346 1935 554 1984 prebentem
587 1936 624 1971 Ε
641 1948 664 1984 y
686 1934 705 1970 λ
805 1936 915 1971 nimio
948 1935 986 1971 Ε
1003 1934 1041 1982 (α
1064 1945 1075 1970 1
1096 1946 1123 1985 9
1141 1930 1175 1981 r)
1196 1944 1222 1980 y
1253 1929 1302 1983 [π
1322 1943 1335 1969 1
1366 1933 1400 1970 V
1415 1934 1629 1971 Mellicens.
1651 1933 1762 1970 Mon·

234 1994 415 2041 tepessul.
438 1993 531 2029 Par.
555 1988 685 2041 8216]
717 1992 824 2028 mimo
846 2005 869 2042 γ
890 1992 927 2028 F
945 1988 983 2027 λ’
1006 1992 1044 2028 Ε
1061 2002 1077 2027 2
1098 2003 1186 2027 uar.
1212 1987 1305 2040 (β’σ
1325 2002 1348 2026 α
1370 2002 1386 2026 2
1406 1992 1433 2027 d
1451 2003 1475 2026 v
1500 1997 1531 2025 et
1552 2001 1582 2026 π
1601 2002 1618 2026 2
1637 1991 1760 2027 Fran.

234 2049 356 2097 Lips.)
386 2044 547 2096 Por-ph!
567 2049 687 2085 schol.
709 2061 733 2098 y
762 2049 903 2082 mimum
922 2061 948 2096 y
972 2044 1151 2098 [Barcin.
1175 2048 1355 2084 Bruxell.
1376 2047 1652 2094 Montepessul.
1673 2059 1760 2084 uar.

236 2107 481 2144 Nostradam.
503 2117 519 2142 2
561 2106 775 2142 Valentian.
795 2116 812 2142 2
842 2117 952 2147 uar.;
981 2105 1068 2142 Diu.
1096 2105 1209 2141 Tons.
1231 2104 1350 2140 Mart.
1373 2103 1440 2140 Sil.
1473 2106 1571 2150 apud
1599 2099 1761 2153 Cruqu]
1795 2150 1802 2155 .

234 2169 278 2209 cf.
310 2175 397 2200 uar.
428 2165 514 2200 lect.
547 2162 560 2198 1
594 2163 640 2208 1,
662 2162 729 2199 32.
765 2162 838 2208 16,
862 2162 913 2199 61
1001 2161 1104 2210 plura
1134 2156 1258 2204 .Ω,’ς”
1286 2158 1432 2211 ssplura
1463 2173 1487 2196 v
1518 2160 1638 2207 (plura
1659 2161 1764 2195 etiam
1794 2153 1811 2163 ⁹

234 2222 358 2257 Basil.
391 2220 404 2255 l
435 2221 493 2264 qui
521 2232 563 2253 ex
592 2231 618 2254 v
649 2219 840 2266 descriptus
870 2217 932 2265 est)
964 2218 1041 2251 risu
1071 2229 1097 2264 y
1130 2213 1422 2267 [Montepessul.
1453 2217 1620 2254 Parisin.
1652 2215 1762 2255 8216

236 2289 324 2314 παν.
356 2277 582 2323 Petropolit.
616 2272 742 2325 corn]
776 2275 886 2308 multa
914 2287 940 2321 y
1058 2273 1140 2312 200
1171 2285 1251 2310 nam
1281 2270 1390 2323 quae]
1423 2285 1576 2322 namque
1605 2273 1627 2309 λ
1645 2285 1671 2321 y

237 2333 316 2371 202
350 2330 526 2382 mugissre
559 2332 596 2368 E
699 2328 844 2381 nemus]
878 2334 982 2368 omis.
1012 2344 1035 2379 γ
1059 2343 1127 2378 pr.
1262 2329 1344 2367 204
1374 2331 1508 2379 Diuicie
1537 2329 1558 2365 λ
1661 2340 1765 2379 pere-

236 2391 339 2439 grine
371 2390 409 2425 Ε
519 2395 599 2434 post
628 2389 843 2437 peregrinae
871 2392 1058 2436 punctum
1084 2400 1171 2433 pon.
1202 2387 1460 2424 Doederlinus
1575 2393 1701 2423 auctor
1729 2391 1764 2431 ψ

237 2459 341 2483 corr.
363 2446 409 2492 (et
429 2445 471 2492 π)
490 2457 516 2492 y
604 2445 684 2482 205
716 2456 842 2481 scaena
872 2446 910 2481 F
927 2444 962 2492 (σ
981 2447 994 2482 Ζ
1016 2451 1049 2479 et
1067 2443 1110 2489 π)
1141 2455 1247 2480 scena
1277 2448 1364 2480 cett.
1399 2455 1422 2486 ς
1524 2443 1646 2480 laeuae
1668 2443 1706 2479 Ε
1723 2447 1764 2479 ul

236 2505 314 2540 uid.
337 2503 374 2539 F
390 2514 494 2540 corr.
518 2501 556 2548 (a
579 2508 612 2536 et
631 2512 660 2536 π
681 2500 710 2548 2)
742 2501 843 2538 louae
865 2514 887 2551 γ
911 2496 949 2537 λ’
964 2513 1068 2539 corr.
1092 2500 1129 2548 (6
1146 2513 1167 2536 r
1187 2511 1203 2536 2
1224 2506 1256 2535 et
1275 2499 1302 2549 β
1322 2511 1338 2535 2
1358 2501 1462 2547 Leps.
1487 2497 1603 2549 corr.)
1636 2500 1717 2534 leue
1737 2511 1763 2534 v

236 2560 337 2596 laeua
358 2561 396 2596 F
419 2572 482 2606 pr.
513 2563 554 2595 ut
582 2559 657 2595 uid.
687 2557 725 2605 (r
745 2564 777 2592 ct
798 2569 826 2593 π,
848 2559 874 2605 1)
905 2559 985 2595 leua
1012 2555 1129 2605 λ’ρν.
1152 2551 1210 2606 (β’
1225 2558 1252 2594 d
1268 2569 1292 2605 9
1312 2564 1344 2591 et
1371 2557 1476 2603 Lips.
1501 2556 1580 2604 pr.)

238 2616 318 2653 206
350 2616 437 2653 nihil
459 2616 497 2651 Ε
513 2615 612 2662 Pplz.
634 2627 728 2651 cons.
750 2609 794 2662 β’
812 2628 893 2662 opp.
915 2616 980 2663 Pf.
1068 2613 1192 2648 eNihil
1212 2615 1317 2658 sane]
1340 2613 1598 2658 respondentis
1618 2617 1695 2655 est,
1728 2617 1764 2646 et

236 2673 367 2707 iterum
389 2674 400 2690 ¹·
414 2672 525 2717 quid'
545 2672 723 2705 Horatius
745 2671 856 2705 dicit'
877 2668 1036 2719 Porph.l
1147 2670 1227 2708 207
1258 2670 1384 2704 Laena
1412 2670 1634 2715 Marc-ilius,
1668 2673 1763 2714 resu-

237 2730 327 2764 tauit
356 2731 438 2765 Fea
533 2729 712 2764 tarentino
743 2729 781 2764 F
798 2724 837 2764 λ’
859 2727 896 2775 (σ
914 2741 938 2776 9
959 2735 991 2763 et
1010 2727 1132 2774 Lips.)
1161 2723 1275 2774 Ppk!
1305 2726 1484 2763 tarentino
1517 2726 1556 2761 Ε
1582 2726 1762 2766 terentino

815 2787 831 2804 a

237 2820 261 2855 y
282 2800 374 2856 (βά
396 2810 422 2843 d
440 2820 461 2842 r
484 2818 492 2843 1
518 2813 558 2843 ut
578 2808 654 2844 uid.
676 2813 707 2841 et
727 2806 770 2853 π)
800 2807 984 2854 terentino
1007 2820 1032 2843 v
1127 2807 1262 2842 imitata
1285 2806 1322 2841 Ε
1338 2818 1362 2854 y
1383 2804 1402 2839 λ
1423 2815 1619 2852 super-scr.
1642 2804 1679 2852 (σ
1700 2818 1724 2841 a
1739 2816 1764 2852 9
1806 2792 1819 2802 s

240 2876 261 2899 r
281 2870 315 2898 et
333 2876 362 2898 π
382 2875 398 2899 2
420 2865 540 2899 Fran,
566 2864 689 2909 Lips.:
717 2863 809 2896 inm:
830 2862 870 2913 β)
891 2865 1028 2900 imitare
1050 2864 1088 2899 F
1105 2859 1144 2898 λ’
1158 2862 1206 2917 (d
1223 2868 1256 2897 et
1276 2874 1305 2897 π
1326 2862 1354 2910 1)
