1820 3094
733 124 817 152 LIB.
850 125 884 151 11
906 123 940 157 3,
963 121 1101 149 291-315
1599 102 1680 146 139

257 223 367 290 gnati
391 237 582 285 infelicis,
614 236 691 278 sibi
721 241 817 278 tunc
847 235 996 277 furiosa
1026 234 1234 276 uidetur‘Z'

257 311 421 354 stultum
454 324 517 352 me
546 314 694 358 fateor,
726 311 858 362 (liceat
888 309 1111 351 concedere
1141 308 1265 363 ueris)
1614 310 1680 343 305

258 391 377 440 atque
407 388 527 427 etiam
558 388 766 431 insanum3
798 390 953 425 tantum
983 384 1060 424 hoc
1091 383 1288 428 edissere,
1322 394 1402 434 quo
1433 393 1496 422 me

257 466 464 514 aegrotare
494 466 613 514 putes
643 460 765 501 animi
795 459 904 499 uitio.
966 458 1146 511 ‘accipez
1178 458 1351 510 primum

258 535 460 582 aedificas,
492 535 570 575 hoc
601 538 680 585 est,
711 533 853 586 longos
883 533 1071 578 imitaris,
1104 531 1154 572 ab
1184 533 1265 571 imo

257 610 305 650 ad
335 621 534 650 summum
564 614 672 650 totus
701 607 852 648 moduli
882 605 1097 660 bipedalis,
1132 611 1171 646 et
1198 605 1307 646 idem

236 670 427 738 ‘corpore
456 684 650 723 maiorem
681 682 789 723 rides
819 681 1020 722 Turbonis
1049 681 1091 720 in
1122 681 1245 720 armis
1615 684 1682 715 310

256 759 439 812 spiritum
471 763 510 798 et
539 759 759 798 incessum:
792 757 860 808 qui
890 754 1082 796 ridiculus
1113 755 1244 795 minus
1273 752 1364 793 illo?

211 837 226 843 “
258 846 308 873 an
338 832 618 886 quodcumque
647 833 742 873 facit
772 831 1002 877 Maecenas,
1037 834 1075 870 te
1106 841 1266 882 quoque
1297 840 1440 869 uerum
1472 831 1534 867 est

259 912 367 947 tanto
399 906 630 947 dissimilem
662 912 702 946 et
733 911 841 947 tanto
873 910 1028 946 certare
1059 903 1282 944 minorem?

191 975 194 980 ’
257 981 432 1022 absentis
463 994 585 1022 ranae
615 980 734 1034 pullis
765 979 881 1021 uituli
910 979 1014 1032 pede
1046 979 1197 1032 pressis

255 1069 358 1096 unus
387 1055 456 1096 uhi
488 1057 644 1108 effugit,
676 1057 795 1095 matri
826 1055 1033 1100 denarrat,
1066 1058 1110 1093 ut
1138 1053 1283 1104 ingens
1616 1056 1682 1088 315

257 1129 372 1170 belua
404 1135 594 1181 cognatos
626 1129 792 1170 eliserit:
825 1127 891 1168 illa
921 1140 1086 1180 rogare,
1630 1112 1636 1117 ’

256 1205 482 1256 quantane‘?
512 1216 605 1244 num
640 1208 813 1249 tantum,
846 1203 1011 1243 sufflans
1042 1215 1104 1249 se,
1135 1213 1282 1254 magna
1313 1201 1475 1249 fnisset?

141 1344 411 1373 TESTIMONIA.

233 1412 423 1445 310—311
451 1414 625 1454 ‘corpore
649 1428 695 1434 -—
721 1410 911 1453 spiritum’
943 1409 1062 1443 Prisc.
1087 1407 1203 1450 V1.3›
1232 1410 1273 1442 16
1383 1409 1450 1441 310
1476 1407 1684 1440 ‘Turbonis

141 1457 346 1536 ῗιθέηἱιίεὲὲ
369 1457 522 1490 Seruius
546 1456 594 1489 ad
617 1457 710 1490 Aen.
738 1455 807 1489 VII
832 1456 899 1489 378
925 1454 1076 1488 Seruius
1107 1454 1281 1496 uolgatus
1314 1452 1403 1495 (non
1429 1452 1602 1495 cassen.)
1636 1452 1683 1486 ad

141 1658 270 1688 VARIA
299 1658 465 1686 LECTIO.

112 1781 114 1783 ι
139 1741 166 1778 y
196 1728 324 1767 Bentl.
435 1739 515 1764 eum
547 1733 671 1777 portat
701 1724 844 1779 Agaue]
878 1726 1036 1779 affiraue
1067 1733 1189 1777 portat
1219 1728 1259 1765 E
1294 1738 1374 1764 cum
1406 1732 1530 1776 portat
1559 1727 1689 1776 DyF

140 1778 233 1831 λ’ς’
262 1785 428 1832 portauit
456 1796 482 1832 y
513 1781 591 1835 [V]
710 1786 815 1834 agaui
846 1785 884 1821 F
915 1797 1002 1822 uar.
1037 1798 1159 1832 agane
1187 1796 1213 1832 y
1238 1781 1391 1836 [Lipa]
1511 1782 1683 1830 “quando

92 1890 98 1893 .
142 1856 226 1891 per
264 1842 495 1877 insaniam
533 1842 677 1876 ferebat
715 1846 827 1888 caput
864 1841 929 1876 filii
961 1843 1019 1876 sui
1052 1843 1202 1887 Agaue,
1245 1854 1318 1876 non
1358 1845 1442 1887 (om.
1473 1855 1498 1892 γ
1529 1841 1683 1890 Bamb.)

142 1900 384 1945 intellegebat
414 1912 454 1934 se
485 1900 651 1933 insanam
683 1900 790 1934 esse'
813 1899 906 1936 Aer.
929 1903 974 1945 cs.
997 1900 1140 1948 quz'n.
1160 1899 1247 1947 fab.
1274 1898 1375 1936 184:
1407 1899 1478 1933 ‘ob
1510 1899 1578 1933 hoc
1603 1910 1683 1933 eum

142 1958 413 2003 Agaue-mater
435 1968 514 1991 cum
536 1957 730 1991 sororibus
762 1957 828 1990 Ino
861 1959 898 1990 et
918 1956 1090 1991 Autonoe
1121 1968 1203 2002 per
1233 1956 1464 1991 insaniam
1495 1968 1516 1990 a
1545 1956 1683 1991 Libero

143 2016 319 2050 obiectam
350 2014 571 2049 membratim
601 2012 780 2048 laniauit'
889 2012 971 2052 304
1003 2018 1091 2050 tunc
1120 2014 1206 2051 DE'
1232 2025 1336 2050 corr.
1359 2026 1383 2063 γ
1406 2010 1445 2058 ς’
1486 2018 1562 2049 tum
1592 2010 1683 2050 FL'

142 2072 195 2122 (v)
213 2084 241 2121 y
272 2084 316 2109 nc
338 2073 377 2108 Ε
390 2084 455 2119 pr.
488 2083 573 2105 num
603 2080 626 2107 6
646 2082 662 2108 2
680 2082 708 2118 y
797 2070 878 2109 305
912 2067 1048 2121 fateor]
1080 2071 1199 2105 fatear
1219 2071 1376 2108 Peerlk.
1467 2067 1592 2120 liceat]
1627 2069 1683 2104 lex

143 2135 202 2164 est
222 2130 435 2167 Horlcelius
466 2128 591 2162 uincat
611 2128 831 2166 Meinelcius
861 2127 946 2162 licet
977 2132 1014 2162 et
1034 2128 1189 2165 Peerlk,
1225 2127 1336 2162 libeat
1365 2129 1455 2164 coni.
1488 2132 1533 2169 cf.
1563 2128 1681 2164 Lucr.

142 2187 187 2224 III
218 2186 320 2224 538:
360 2185 472 2232 ‘quin
505 2185 612 2220 etiam
643 2186 676 2219 si
706 2185 775 2219 iam
807 2185 919 2220 libeat
949 2185 1152 2219 concedere
1182 2183 1340 2219 falsum’
1444 2181 1560 2235 ueris]
1596 2196 1684 2218 uere

143 2241 320 2292 Apitzius'
425 2243 506 2281 306
538 2239 666 2293 atque]
700 2242 792 2277 adde
823 2242 978 2280 Peerlk.
1088 2238 1245 2293 tantum]
1278 2246 1398 2276 tamen
1429 2242 1586 2280 Peerlk.

145 2301 226 2339 309
257 2300 424 2350 pipetalis
454 2313 478 2350 γ
492 2311 558 2347 pr.
651 2300 734 2338 310
764 2296 955 2350 maiorem]
989 2300 1115 2336 maiori
1146 2307 1180 2347 ψ
1204 2311 1246 2347 p.
1271 2311 1353 2337 ras.
1376 2301 1578 2337 Prisciani
1598 2300 1681 2336 cod.

143 2358 177 2395 A
207 2359 343 2392 maiore
373 2358 572 2394 Prisciani
608 2358 717 2395 codd.
750 2356 837 2393 BD
857 2357 886 2394 G
905 2357 997 2394 LI(
1096 2353 1152 2407 in]
1193 2362 1230 2391 et
1268 2357 1425 2395 Peerlk.
1458 2370 1539 2403 opp.
1571 2351 1685 2404 Pph!

145 2415 309 2453 Seruius
396 2414 475 2452 311
508 2413 653 2452 Incessfi
685 2409 721 2450 ἃ
751 2411 830 2462 εῇῐη
853 2415 892 2450 Ε
964 2410 1166 2464 incessum]
1198 2415 1350 2451 incensfl
1380 2415 1447 2451 F1
1476 2412 1522 2465 (et
1543 2412 1684 2460 Fran.)

141 2484 168 2520 y
258 2471 339 2510 312
372 2470 532 2520 qdcunq.
566 2473 603 2508 E
688 2482 855 2521 mecenas
886 2478 994 2518 voy
1025 2482 1189 2508 mecenas
1220 2467 1336 2515 52'5'
1445 2471 1526 2509 313
1567 2471 1683 2506 Tanto

144 2525 257 2574 52'5'
288 2529 451 2565 Tantum
479 2540 504 2576 y
527 2524 607 2579 [V]
641 2532 712 2563 tam
744 2534 780 2562 te
809 2529 965 2566 Peerllc.
1055 2534 1093 2565 et
1122 2525 1244 2579 tanto]
1277 2532 1416 2576 quanto
1447 2528 1606 2566 Peerlk.

146 2608 228 2647 314
259 2603 414 2658 pressis]
454 2587 571 2657 preZis
591 2621 615 2658 γ
703 2607 784 2645 316
814 2607 981 2643 densetis
1000 2609 1100 2656 Pplz.
1134 2591 1302 2643 {eliserit
1330 2609 1395 2656 Pf.
1495 2607 1575 2645 317
1610 2619 1685 2643 nun

145 2679 169 2716 γ
197 2677 282 2703 num
316 2659 455 2709 censs
483 2665 530 2713 (et
559 2663 585 2714 β
626 2664 668 2712 V)
696 2661 810 2713 Pph!
947 2670 1086 2702 tantum
1118 2667 1156 2702 E
1176 2678 1201 2713 y
1221 2662 1283 2715 [V
1309 2665 1545 2713 Montepess.
1578 2676 1681 2702 corr.

109 2770 113 2773 Α
150 2719 283 2772 Tons.]
314 2722 426 2757 tand?
455 2735 480 2771 y
511 2718 713 2773 [Bruxell.
745 2718 876 2772 9777]
916 2725 1021 2759 omis.
1053 2723 1088 2759 D
1114 2735 1179 2770 pr.
1218 2727 1342 2759 tantan
1373 2735 1404 2770 φ
1432 2734 1448 2759 2
1483 2733 1682 2770 superscr.

142 2791 168 2828 y
197 2776 444 2830 [Valentian.
476 2776 519 2830 1]
559 2784 662 2814 tanta
692 2792 717 2815 v
743 2791 769 2828 y
806 2779 949 2816 tandem
977 2793 1000 2830 y
1023 2781 1061 2817 F
1081 2777 1121 2816 λ’
1145 2780 1182 2815 D
1222 2791 1326 2816 corr.
1368 2775 1407 2823 ς’
1438 2775 1556 2828 Pph!
1596 2777 1685 2813 ‘ad-

147 2837 345 2871 notandum
375 2837 559 2871 tandem
590 2835 697 2884 (corr.
729 2835 927 2884 tantum)
957 2849 1025 2883 pro
1056 2841 1140 2872 tam
1171 2836 1333 2883 pdsitum
1361 2836 1400 2871 id
1430 2842 1489 2873 est
1509 2839 1580 2873 tam
1610 2848 1684 2871 ma-
