1890 3106
775 105 859 132 LIB.
892 105 909 131 1
940 103 1096 139 ηιμ-24
1625 81 1710 131 243

273 219 338 261 uel
369 220 459 273 quia
493 223 637 259 cuncta
665 223 782 271 putas
812 230 891 258 una
922 219 1074 259 'uirtute
1104 220 1274 259 minora.

274 295 485 341 miramur,
519 294 552 333 si
584 293 800 334 Democriti
831 305 956 346 pecus
987 293 1069 334 edit
1099 293 1247 346 agellos

275 367 478 421 cultaque,
511 367 604 408 dum
633 379 803 420 peregre
834 374 893 407 est
921 369 1076 409 animus
1103 370 1190 409 sine
1219 380 1390 421 corpore
1420 367 1554 413 uelox,

275 455 363 483 cum
395 447 438 483 tu
467 443 572 482 inter
602 441 776 482 scabiem
810 446 958 482 tantam
991 447 1030 482 et
1060 444 1241 494 contagia
1274 442 1373 483 lucri

275 516 331 558 nil
363 520 560 570 *paruom
590 517 720 568 sapias
751 522 789 556 et
819 515 950 556 adhuc
981 516 1165 557 sublimia
1197 529 1335 556 cures:
1663 523 1704 555 15

276 604 377 644 quae
407 603 517 631 mare
548 595 805 643 compescant
835 602 997 638 causae,
1031 591 1124 642 quid
1156 596 1356 643 temperet
1385 603 1554 636 annum,

272 665 412 707 stellae
442 670 585 718 sponte
616 677 686 705 sua
717 665 904 705 iussaene
934 670 1132 716 uagentur
1164 671 1203 706 et
1234 670 1390 711 errent,

271 740 364 794 quid
397 746 553 792 premat
584 739 800 779 obscurum
832 738 969 786 lunae,
1003 739 1098 791 quid
1131 740 1308 791 proferat
1338 739 1499 785 orbem,

272 814 365 868 quid
398 813 495 854 uelit
525 819 564 854 et
592 815 717 866 possit
747 826 883 855 rerum
916 814 1129 866 concordia
1162 814 1332 860 discors,

272 888 535 942 Empedocles
565 901 613 929 an
646 888 879 928 Stertinium
910 888 1055 928 deliret
1084 889 1275 929 acumen?
1656 895 1701 927 20

274 976 435 1009 uerum,
468 974 539 1002 seu
569 964 691 1015 piscis
724 975 794 1003 seu
825 975 991 1016 porrum
1026 968 1065 1003 et
1096 976 1218 1016 caepe
1250 962 1446 1009 trucidas,

271 1043 384 1078 utere
414 1037 605 1089 Pompeio
637 1037 840 1090 Grospho,
875 1044 913 1078 et
945 1038 1073 1089 siquid
1104 1042 1215 1090 petet
1246 1037 1352 1078 ultro

271 1111 402 1152 defer:
436 1110 489 1151 nil
523 1111 729 1164 Grosphus
760 1112 836 1152 nisi
869 1124 1008 1152 uerum
1041 1111 1173 1152 orabit
1205 1117 1243 1152 et
1272 1124 1424 1152 aecum.

272 1185 362 1226 uilis
393 1187 613 1226 amicorum
646 1191 704 1226 est
735 1198 911 1231 annona,
946 1185 1061 1226 bonis
1092 1186 1161 1226 ubi
1193 1186 1288 1237 quid
1321 1186 1421 1227 dest.

156 1372 429 1401 TESTIMONIA.

249 1440 291 1472 12
316 1448 369 1481 sq.
395 1437 467 1470 huc
498 1437 583 1470 fort.
613 1437 777 1479 respexit
806 1436 1026 1470 Lactantius
1057 1438 1176 1472 instit.
1208 1437 1266 1471 ΙΙΙ
1290 1439 1352 1478 23,
1378 1438 1417 1471 4:
1457 1438 1704 1472 ‘laudatur

155 1484 461 1523 Democritus,
489 1482 585 1526 quod
611 1491 744 1526 agros
770 1493 855 1516 suos
872 1483 1064 1526 reliquerit
1081 1494 1219 1526 eosque
1245 1494 1418 1526 pascua
1444 1485 1607 1551 publicae
1622 1485 1704 1519 fieri

155 1541 290 1575 passus
314 1530 383 1564 sit’
495 1531 537 1562 13
563 1528 743 1571 Peiegre
766 1546 811 1551 —
836 1529 966 1562 uelox’
991 1529 1147 1573 florileg.
1173 1529 1409 1563 Nostradam.
1528 1533 1607 1564 19‘
1617 1542 1702 1564 con-

156 1576 286 1610 cordia
310 1575 473 1608 discors’
499 1592 543 1597 —
568 1574 635 1608 sed
658 1575 748 1608 Hor.
774 1585 848 1607 non
872 1576 1062 1608 nominato
1088 1593 1130 1598 —
1157 1579 1380 1608 memoratur
1405 1587 1464 1619 ap.
1489 1577 1627 1610 Donat.
1656 1578 1702 1611 ad

155 1623 308 1656 Terent.
334 1620 492 1654 eunuch.
514 1620 590 1653 1111
614 1621 647 1662 4,
673 1621 729 1653 53.
756 1621 804 1653 ef.
829 1621 1004 1654 Lucanus
1029 1622 1046 1654 1
1071 1622 1133 1655 98:
1162 1623 1362 1664 temporis
1388 1623 1541 1665 angusti
1565 1624 1704 1657 mansit

155 1667 353 1702 concordia
379 1667 540 1700 discors'
567 1645 724 1700 Oui’dius
749 1669 897 1699 metam.
922 1668 940 1700 I
964 1669 1032 1701 432
1058 1677 1129 1710 sq.:
1163 1671 1302 1710 uapor
1326 1668 1471 1701 umidus
1497 1670 1616 1702 omnis
1642 1680 1702 1703 res

155 1717 260 1748 creat
292 1717 330 1747 et
361 1713 502 1746 discors
533 1711 734 1745 concordia
765 1712 906 1746 fetibus
943 1716 1033 1756 apta
1070 1716 1150 1747 est’
1188 1714 1410 1746 Lactantius
1441 1714 1560 1748 instit.
1592 1715 1629 1748 ΙΙ
1662 1717 1700 1748 9.

156 1758 388 1824 philosophi
413 1758 563 1801 quidam
588 1761 626 1791 et
658 1760 792 1800 poetae
825 1758 987 1791 discordi
1018 1759 1218 1792 concordia
1242 1759 1416 1793 mundum
1444 1763 1616 1794 constare
1644 1761 1699 1794 di-

154 1807 309 1839 xerunt’
422 1805 466 1836 24
490 1803 642 1846 florileg.
668 1804 901 1837 Nostradam.

154 1957 284 1986 VARIA
313 1956 482 1984 LECTIO.

272 2025 323 2064 13
352 2031 434 2072 post
459 2022 571 2061 ⁴uelox
601 2024 716 2059 nescio
741 2036 788 2059 an
809 2025 1127 2074 interrogationis
1151 2027 1300 2075 siynum
1327 2028 1536 2073 ponendum
1559 2034 1637 2062 erat

158 2083 209 2122 15
231 2094 384 2133 paruum
405 2077 522 2126 Ω,’ς”
544 2093 671 2127 parum
694 2095 718 2118 v
732 2094 757 2130 y
779 2093 933 2128 prauum
954 2095 976 2118 r
994 2093 1005 2119 1
1021 2095 1047 2132 y
1134 2083 1186 2120 16
1209 2088 1442 2132 compescant
1460 2084 1527 2121 Es
1546 2097 1568 2129 ς
1584 2084 1630 2132 (ει
1651 2079 1702 2121 π’

156 2139 298 2189 Fran.)
314 2140 380 2188 Pf.
413 2143 634 2188 conpescant
654 2151 678 2189 γ
694 2140 732 2176 F
745 2139 764 2175 λ
781 2139 820 2186 (ν
835 2151 857 2175 r
871 2146 906 2175 et
919 2138 960 2189 β)
981 2152 1133 2186 conpes.
1155 2152 1185 2178 c.
1207 2141 1306 2188 Pph.
1376 2152 1484 2177 cause
1505 2140 1526 2176 λ
1593 2139 1698 2193 quid]

156 2199 219 2247 qui
242 2197 262 2234 λ
338 2201 515 2246 temperat
535 2197 572 2233 F
592 2192 630 2231 λ’
653 2196 701 2244 (et
719 2195 762 2243 π)
784 2209 866 2243 opp.
889 2202 977 2235 cett.
1000 2194 1039 2242 ς’
1063 2196 1112 2245 (et
1132 2197 1254 2245 Lips.)
1335 2198 1386 2235 17
1410 2197 1524 2235 Stelle
1547 2200 1584 2235 E
1604 2199 1624 2235 λ

155 2252 339 2309 iussessne
370 2266 388 2291 ε
418 2255 564 2290 iussene
596 2253 616 2289 λ
704 2250 759 2304 et]
792 2265 836 2288 an
868 2267 894 2303 y
928 2247 1164 2305 [Petropol.]
1273 2254 1324 2291 18
1357 2255 1553 2292 obscurum
1580 2252 1700 2300 Ω’ς”

234 2329 236 2331 ’
271 2313 332 2362 qui
362 2310 524 2360 proferat
546 2309 566 2346 λ
657 2311 707 2348 19
738 2322 859 2347 rerum
890 2312 1083 2349 concordia
1115 2313 1253 2349 discors
1275 2308 1400 2357 52'30
1420 2306 1535 2361 Pph!
1556 2313 1700 2348 discors

156 2370 353 2404 concordia
382 2379 503 2402 rerum
525 2380 550 2404 v
640 2367 693 2406 20
722 2367 949 2417 Enpedocles
970 2382 993 2418 y
1014 2370 1052 2406 F
1069 2380 1086 2405 ε
1159 2371 1315 2406 stertinl‘i
1336 2371 1374 2407 F
1391 2364 1432 2406 λ’
1461 2372 1666 2408 sterninum
1683 2383 1700 2408 ε

159 2424 388 2489 [stertinium
420 2426 524 2460 etiam
556 2437 654 2462 omn.
689 2426 798 2462 codd.
831 2421 915 2476 Cr.]
1020 2426 1070 2462 21
1104 2427 1213 2476 piscis
1246 2428 1315 2463 E1
1348 2426 1386 2478 (ν
1407 2440 1430 2465 a
1453 2434 1486 2463 et
1506 2428 1548 2475 π)
1580 2429 1699 2477 pisces

156 2489 243 2522 ceu.
270 2480 310 2529 ς’
340 2540 343 2544 Δ
430 2493 519 2531 cepe
552 2483 587 2519 F
606 2473 654 2530 λ’,
678 2495 695 2519 ε
726 2494 802 2520 non
831 2483 950 2531 liquet
1051 2483 1104 2520 22
1136 2495 1274 2533 grospo
1307 2485 1345 2521 Ε
1447 2490 1550 2534 petet
1575 2480 1699 2529 Ω’ς”

155 2575 268 2633 Ppk.‘
288 2575 446 2630 Porphs
466 2580 558 2627 petit
576 2593 601 2629 9
689 2580 787 2617 ultro
809 2576 871 2617 ,ΩΧ
883 2575 922 2624 ς’
924 2541 1101 2630 'u‘iirtdqulael
1122 2585 1167 2627 cs.
1190 2582 1302 2619 Publ.
1326 2582 1414 2630 Syr.
1434 2582 1488 2618 44
1515 2583 1699 2631 Woelffl.:

156 2639 238 2676 ‘bis
269 2645 327 2675 est
356 2643 500 2684 gratum
531 2638 632 2685 quod
663 2649 757 2684 opus
789 2642 867 2681 est,
898 2637 996 2672 ultro
1028 2638 1060 2671 si
1092 2637 1252 2673 offeras'
1279 2662 1283 2666 -
1358 2639 1410 2677 23
1442 2639 1559 2677 Deffer
1588 2652 1612 2689 γ

157 2717 226 2771 nil]
260 2732 327 2754 nec
347 2732 373 2756 v
477 2697 541 2755 egit
571 2730 597 2766 y
631 2714 696 2769 [π]
730 2729 862 2766 equum
891 2717 912 2754 λ
942 2728 1098 2767 aequum
1130 2723 1218 2755 cett.
1327 2718 1380 2755 24
1414 2715 1524 2769 [ehoe
1554 2731 1696 2755 carmen

157 2777 192 2811 in
225 2777 375 2823 scriptis
405 2776 485 2810 fere
516 2776 626 2810 habet
654 2774 988 2820 interpunctionem
1019 2779 1106 2821 post
1133 2771 1174 2810 τὸ
1207 2776 1375 2810 annona'
1407 2773 1573 2828 Cruqu]

158 2833 247 2881 quid
278 2834 361 2868 dest
391 2846 414 2870 a
432 2845 497 2881 pr.
531 2832 641 2883 quide
672 2845 691 2869 e
713 2832 782 2869 Ei
805 2845 840 2869 α.
863 2843 944 2870 ras
979 2832 1064 2882 quid
1096 2832 1200 2870 deest
1223 2829 1327 2871 cett.'
1349 2834 1387 2871 Ε
1404 2845 1420 2871 2
1443 2846 1466 2879 ς
1505 2833 1554 2882 (et
1572 2833 1695 2886 Lips.)
