1820 3094
762 84 845 111 LIB.
873 84 888 111 1
915 83 949 117 6,
973 80 1076 109 56—80
1629 65 1684 108 63

261 196 407 238 obiciet
436 209 534 238 uere
565 197 775 250 quisquam
806 196 920 243 mihi,
953 208 1079 248 purus
1110 200 1150 236 et
1178 196 1335 242 insons,

204 324 208 327 -
260 278 303 312 ut
333 285 397 312 me
429 270 682 318 conlaudem,
716 271 750 311 si
781 276 820 310 et
850 271 942 310 uiuo
973 282 1089 310 carus
1119 270 1274 321 amicis:
1644 274 1688 306 70

261 359 379 387 causa
411 346 484 386 fuit
513 351 626 398 pater
656 343 737 391 his,
770 346 836 396 qui
868 357 1004 384 macro
1034 356 1186 397 pauper
1216 342 1343 396 agello

261 421 386 461 noluit
415 422 456 459 in
487 419 599 460 Flaui
619 418 764 459 'ludum
796 431 860 458 me
891 421 1070 464 mittere,
1102 419 1236 470 magni

261 508 339 548 quo
369 495 484 547 pueri
516 494 670 545 magnis
701 505 723 532 e
753 492 1055 533 centurionibus
1087 494 1184 539 orti,

259 569 375 609 laeuo
406 568 588 620 suspensi
618 566 770 607 loculos
802 566 1054 619 tabulamque
1085 566 1253 612 lacerto,

260 642 372 683 ibant
402 647 567 682 octonos
597 642 822 681 referentes
851 640 984 680 idibus
1014 641 1137 687 aeris,
1644 646 1686 678 75

261 717 329 758 sed
361 729 530 769 puerum
564 723 624 756 est
655 728 775 755 ausus
804 714 970 755 Romam
1002 719 1164 767 portare
1195 713 1419 754 docendum

262 792 378 838 artis,
410 803 508 843 quas
538 790 678 831 doceat
708 790 838 842 quiuis
871 801 993 842 eques
1024 794 1142 842 atque
1173 794 1333 829 senator

262 871 390 906 semet
419 870 646 917 prognatos.
707 868 859 905 uestem
890 875 1108 915 seruosque
1139 865 1362 916 sequentis,

257 941 302 980 in
334 951 476 991 magno
509 945 548 979 et
576 938 724 991 populo
755 939 858 989 siqui
889 938 1071 985 uidisset,
1103 939 1206 978 auita

263 1027 310 1054 ex
341 1027 386 1054 re
416 1012 602 1066 praeberi
631 1018 812 1065 sumptus
842 1011 939 1052 mihi
969 1012 1153 1053 crederet
1182 1011 1306 1061 illos„
1643 1018 1688 1050 80

148 1198 417 1227 TESTIMONIA.

238 1266 281 1298 69
305 1265 448 1297 Probus
474 1263 608 1297 cathol.
635 1267 662 1297 t.
687 1264 763 1297 1111
788 1264 832 1296 28
856 1265 902 1297 K.
938 1263 1115 1297 Claudius
1141 1263 1286 1297 sacerd.
1313 1263 1427 1297 1148:
1454 1264 1603 1296 ‘insons
1630 1264 1684 1296 in—

148 1311 283 1344 sontis:
316 1311 370 1343 sic
401 1309 599 1343 Horatius’
734 1312 777 1342 70
809 1310 856 1343 cf.
883 1310 961 1342 ecb.
1000 1310 1142 1352 captiui
1173 1311 1257 1342 225:
1300 1313 1364 1342 ‘ut
1394 1312 1431 1342 te
1465 1309 1684 1351 collaudem,

148 1357 295 1390 uideam
321 1356 576 1398 geminumque
603 1358 811 1398 parentem>
882 1401 887 1404 λ

146 1531 276 1560 VARIA
306 1530 475 1557 worm.
511 1520 514 1524 ’

147 1603 211 1634 aut
241 1599 332 1634 mala
361 1599 459 1647 Pph.
495 1610 525 1634 ω
556 1599 685 1635 Bentl.
741 1591 868 1631 ‘Ordo
900 1600 969 1632 est.
1029 1598 1069 1631 Si
1101 1609 1222 1644 neque
1254 1597 1445 1632 auaritiam
1475 1597 1513 1631 in
1543 1610 1597 1632 me
1629 1610 1686 1632 re-

146 1656 343 1703 prehendis
375 1667 495 1701 neque
524 1655 699 1689 tabernas
722 1683 730 1690 .
756 1681 765 1689 .
791 1655 824 1688 .'
855 1656 947 1692 Aer.
1041 1655 1092 1693 69
1126 1654 1262 1692 Obiciat
1292 1656 1362 1703 Dy
1383 1668 1465 1702 opp.
1488 1651 1602 1702 Pph!

147 1714 343 1760 quisquam
373 1724 461 1747 uere
490 1725 552 1761 93]
571 1708 683 1759 Pph.l
779 1712 833 1750 70
863 1708 921 1763 ut]
955 1724 1001 1746 ne
1032 1713 1188 1750 Peerlk.
1219 1726 1302 1759 opp.
1336 1714 1428 1750 Aer.
1463 1714 1544 1750 ecb.
1579 1718 1683 1760 capt.

261 1769 473 1807 conlaudem
506 1770 544 1806 E
554 1779 628 1819 γψ
645 1782 669 1806 u
694 1781 757 1816 pr.
788 1768 825 1816 (ν
850 1782 873 1806 α
895 1782 920 1818 9
942 1768 976 1817 r)
1008 1769 1210 1806 collaudem
1235 1771 1276 1806 VD
1293 1766 1362 1807 λἰι
1392 1782 1497 1807 corr.
1531 1765 1571 1813 ς’
1602 1771 1683 1807 ech.

77 1835 80 1839 ’
147 1833 252 1876 capt.
284 1827 427 1864 laudem
457 1839 489 1875 φ
521 1825 586 1860 ‘ut
614 1838 669 1860 me
700 1826 865 1860 laudem'
897 1827 990 1863 Aer.
1022 1829 1062 1864 in
1092 1830 1295 1874 interpret.
1406 1823 1539 1876 amiclis
1569 1839 1594 1876 y

149 1886 199 1923 71
233 1885 288 1921 his
320 1889 423 1933 pater
452 1885 489 1920 E
508 1879 582 1934 (β’)
604 1897 629 1932 y
747 1883 798 1920 72
831 1883 916 1920 flaui
946 1883 1109 1932 DEyu
1133 1896 1198 1931 pr.
1225 1878 1262 1928 ς’
1282 1884 1381 1932 Pph.
1415 1883 1514 1920 ssauii
1543 1885 1582 1921 F
1601 1878 1641 1920 λ’
1661 1897 1686 1921 u

148 1954 252 1980 corr.
284 1941 350 1989 Pf.
461 1941 512 1978 73
545 1952 564 1977 e
595 1941 666 1977 Du
688 1936 860 1990 (βἾσρν)
891 1946 927 1977 et
956 1935 1074 1991 yFt'
1096 1940 1244 1989 (varz
1266 1940 1372 1989 aar.)
1403 1954 1474 1979 om.
1508 1942 1547 1978 Ε
1633 1941 1686 1978 74

147 2001 245 2036 Leuo
277 2011 307 2047 φ
397 1997 448 2035 75
481 2003 635 2034 octonos
667 1998 751 2035 Da.
774 2009 855 2035 ras.
879 1998 947 2046 Εγ
964 2010 1029 2045 pr.
1055 1995 1168 2048 (αρν
1191 1997 1272 2046 pr.)
1301 2011 1327 2047 y
1359 1995 1542 2049 [Sorbon.
1577 1997 1685 2036 1578

148 2052 274 2106 corr.]
306 2055 375 2092 Ac.
409 2056 551 2092 octonis
582 2067 605 2104 γ
628 2066 730 2092 corr.
752 2051 864 2092 Fss'u
885 2056 921 2092 D
933 2066 974 2102 p.
998 2067 1078 2092 ras.
1103 2054 1142 2106 (β
1151 2052 1187 2090 ’ν
1204 2054 1239 2102 σ)
1351 2056 1442 2092 aeris
1473 2055 1557 2092 DE
1572 2067 1595 2104 γ
1620 2067 1683 2103 pr.

148 2114 186 2161 (a
204 2126 226 2149 r
243 2126 280 2149 α.
304 2124 407 2161 ras.;
440 2112 494 2162 eri
514 2111 552 2160 9)
584 2123 663 2148 aera
684 2124 709 2162 γ
730 2124 832 2150 corr.
856 2106 966 2150 Fz'u
987 2113 1023 2150 D
1045 2125 1132 2150 aar.
1157 2107 1286 2163 (β’νσ)
1310 2124 1416 2147 asses
1434 2124 1461 2160 y
1481 2108 1683 2163 [Serbon]

148 2182 233 2204 asse
264 2170 380 2204 sacris
410 2171 480 2206 Ac.
517 2173 563 2215 ef.
596 2172 716 2206 inscr.
754 2169 1080 2207 Orelli-Henzen.
1113 2183 1175 2208 nr.
1209 2169 1342 2218 7115,
1376 2169 1419 2208 6:
1458 2168 1686 2216 ‘municipes

148 2231 366 2273 praesentes
397 2227 609 2272 acciperent
638 2226 736 2260 aeris
768 2221 936 2261 octonos'
962 2227 1039 2264 Cic.
1054 2227 1134 2275 pro'
1155 2227 1198 2273 Q.
1222 2227 1365 2265 Roscio
1389 2227 1453 2269 10,
1477 2226 1550 2264 28:
1582 2225 1686 2260 ‘nam

147 2284 208 2318 illa
239 2285 397 2318 membra
425 2295 564 2318 merere
594 2295 662 2328 per
692 2295 732 2317 se
764 2295 836 2318 non
858 2284 1209 2330 amplius'poterant
1228 2284 1420 2318 duodecim
1440 2282 1562 2318 aeris'
1584 2284 1684 2321 Plin,

147 2346 228 2379 nat.
260 2342 348 2379 hist.
380 2340 469 2377 Xllll
502 2340 574 2391 953
614 2340 814 2375 ecensores
848 2369 856 2378 .
891 2370 898 2377 .
931 2370 939 2377 .
974 2341 1189 2386 edixerunt,
1229 2341 1364 2387 nequis
1403 2342 1529 2376 uinum
1568 2341 1685 2375 Grae-

149 2410 229 2432 cum
260 2426 268 2435 .
295 2427 303 2435 .
328 2427 336 2434 .
371 2398 514 2432 octonis
546 2398 642 2431 aeris
675 2426 683 2434 .
708 2426 715 2434 .
741 2426 749 2434 .
783 2398 983 2432 uenderet'
1075 2399 1127 2436 76
1159 2398 1222 2435 Set
1251 2411 1358 2448 ypr.
1448 2399 1544 2435 ausis
1576 2399 1614 2434 E

150 2479 201 2516 77
232 2478 338 2515 Artis'
353 2479 420 2528 Εγ
442 2477 479 2525 (a
492 2477 518 2525 1)
538 2489 564 2525 y
583 2473 745 2527 [Mellic.
769 2488 782 2514 1
803 2474 1058 2529 Montepess.]
1091 2479 1196 2516 Artes
1223 2459 1427 2522 DFssug‘
1509 2477 1561 2515 78
1586 2459 1689 2526 {este

150 2537 187 2572 E
270 2533 456 2584 sequentis
487 2536 554 2585 Ey
567 2531 603 2571 λ’
626 2533 663 2581 (α
681 2535 716 2582 ν)
737 2548 763 2583 y
786 2530 969 2586 [Meuia]
1002 2542 1197 2585 sequentes
1227 2531 1445 2579 DFumg'
1537 2535 1587 2572 79
1619 2547 1686 2585 po-

147 2588 256 2642 pulo]
288 2604 404 2638 puero
432 2593 588 2630 Peerlk.
611 2594 672 2627 sed
690 2594 859 2627 habemus
880 2591 940 2629 tin
963 2604 1093 2642 magno
1114 2592 1277 2642 populo'
1306 2594 1411 2628 etiam
1434 2594 1532 2638 apud
1552 2592 1683 2631 Plaut.

152 2650 268 2687 Truc.
291 2649 304 2685 Ι
328 2650 348 2686 1
363 2678 374 2697 ‚
392 2649 444 2687 55
467 2651 576 2687 Flor.
599 2649 611 2685 l
634 2649 707 2697 26,
729 2649 752 2686 6
776 2649 922 2698 Sulpic.
945 2650 1132 2687 Seuerum
1152 2651 1165 2686 1
1187 2649 1241 2687 84
1319 2650 1414 2698 siqui
1434 2646 1686 2697 DEyFt'g'

149 2741 195 2788 (et
226 2742 334 2779 codd.
357 2740 516 2789 Bland.)
537 2741 607 2778 Ac.
639 2742 668 2777 si
699 2742 779 2789 quis
809 2754 834 2778 u
855 2739 905 2790 (9)
925 2754 951 2790 y
972 2741 1065 2779 Aer.
1088 2745 1127 2779 in
1157 2744 1360 2788 interpret.
1448 2718 1634 2792 SO‘rfiberi
1654 2754 1685 2791 φ

149 2797 291 2847 preberi
326 2791 365 2834 λ’
451 2798 608 2835 crederit
639 2799 678 2834 E
