1930 3094
262 180 282 219 1
290 175 345 220 90
799 191 960 221 noRATI
977 185 1283 223 'EmsrvLARvM

372 309 590 357 spectatum
622 305 716 344 satis
747 309 785 344 et
815 303 1003 345 donatum
1034 306 1112 346 iam
1142 306 1242 345 rude
1276 307 1455 357 quaeris,

370 378 598 424 Maecenas,
630 379 775 418 iterum
807 379 971 430 antiquo
1002 391 1066 418 me
1095 378 1302 419 includere
1332 379 1448 419 ludo:
1473 418 1475 420 ,

368 464 449 491 non
481 452 618 492 eadem
650 457 710 492 est
740 457 867 499 aetas,
900 465 980 492 non
1011 465 1136 493 mens.
1196 454 1382 493 Veianius
1412 455 1533 493 armis

369 526 551 566 Herculis
582 526 629 565 ad
661 530 816 579 postem
846 526 932 566 fixis
962 526 1058 566 latet
1087 525 1245 567 abditus
1275 539 1391 578 agro,
1761 533 1782 566 5

367 612 418 638 ne
448 599 637 652 populum
669 606 847 641 extrema
878 601 1021 641 totiens
1054 605 1191 640 exoret
1219 600 1381 640 harena.

368 679 427 713 est
455 674 552 713 mihi
581 679 791 727 purgatam
822 674 966 714 crebro
996 676 1064 726 qui
1093 679 1283 727 personet
1312 687 1449 715 aurem

367 747 501 788 ‘solue
531 753 805 788 senescentem
835 753 992 788 mature
1022 760 1141 788 sanus
1170 746 1336 795 *ecum,
1369 761 1418 788 ne

365 827 505 874 peccet
534 822 582 861 ad
613 827 834 862 extremum
864 822 1054 862 ridendus
1085 828 1123 862 et
1152 822 1220 861 ilia
1251 822 1407 862 ducat'.

365 908 471 935 nunc
501 897 633 947 itaque
664 901 703 936 et
731 908 871 936 uersus
903 901 942 935 et
972 900 1103 935 cetera
1134 895 1285 935 ludicra
1316 907 1442 946 pono:
1739 903 1782 935 10

365 969 456 1021 quid
479 981 620 1009 uerum
641 975 758 1021 atque
780 969 928 1010 decens
949 981 1045 1008 curo
1068 974 1107 1008 et
1126 981 1223 1020 rogo
1245 976 1283 1008 et
1303 970 1431 1019 omnis
1450 970 1491 1009 in
1514 969 1588 1009 hoc
1608 983 1716 1016 sum;

366 1044 494 1083 condo
525 1048 564 1083 et
594 1056 789 1096 compono
820 1035 922 1096 quae
953 1055 1044 1082 mox
1075 1042 1312 1094 depromere
1342 1044 1504 1096 possim.

364 1130 410 1157 ac
440 1130 490 1157 ne
521 1117 622 1157 forte
652 1130 769 1170 roges
799 1130 878 1169 quo
909 1130 973 1157 me
1003 1117 1125 1163 duce,
1158 1129 1236 1168 quo
1266 1116 1348 1157 lare
1378 1123 1502 1157 tuter:

363 1191 510 1231 nullius
541 1191 721 1231 addictus
750 1192 883 1231 iurare
913 1192 953 1230 in
983 1189 1107 1230 uerba
1137 1180 1337 1241 magistri,

364 1278 440 1318 quo
472 1278 535 1304 me
566 1278 736 1318 cumque
766 1266 871 1317 rapit
900 1269 1135 1316 tempestas,
1170 1263 1331 1303 deferor
1360 1264 1518 1316 hospes.
1604 1251 1607 1254 v
1736 1247 1821 1313 15»κ

363 1352 468 1379 nunc
498 1339 611 1390 agilis
642 1340 691 1378 fio
724 1345 763 1378 et
793 1351 949 1379 mersor
979 1337 1161 1378 ciuilibus
1193 1337 1328 1384 undis,

247 1501 516 1531 TESTIMONIA.

340 1559 428 1591 2—9
452 1555 621 1587 imitatus
647 1556 703 1586 est
721 1553 878 1586 Ouidius
902 1554 1000 1586 trist.
1016 1553 1093 1586 IIII
1109 1554 1141 1594 8,
1161 1554 1203 1585 19
1230 1563 1324 1595 sqq.:
1352 1556 1419 1586 ‘ne
1446 1553 1559 1587 eadat
1584 1557 1621 1586 et
1643 1554 1779 1588 multas

249 1605 392 1648 palmas
421 1601 636 1634 inhonestet
668 1598 839 1641 adeptus,
870 1598 1068 1641 languidus
1092 1599 1130 1630 in
1155 1599 1274 1640 pratis
1306 1599 1473 1641 gramina
1503 1600 1624 1642 carpit
1652 1610 1779 1642 equus.

249 1650 355 1682 miles
380 1651 421 1682 ut
447 1645 612 1679 emeritis
645 1654 718 1676 non
744 1647 804 1676 est
835 1644 924 1676 satis
948 1643 1053 1676 utilis
1085 1644 1209 1685 annis,
1242 1645 1345 1686 ponit
1376 1644 1424 1676 ad
1454 1645 1642 1686 antiquos,
1683 1655 1777 1687 quae

248 1695 335 1728 tulit
359 1703 478 1734 arma,
504 1692 631 1724 Lares.
666 1691 719 1721 sic
743 1689 874 1732 igitur,
900 1688 1006 1721 tarda
1031 1689 1131 1721 uires
1148 1689 1335 1721 minuente
1354 1693 1524 1731 senecta,
1550 1700 1607 1722 me
1633 1700 1778 1733 quoque

250 1741 380 1773 donari
403 1740 478 1771 iam
501 1735 591 1768 rude
608 1738 752 1777 tempus
769 1737 870 1767 erat’
945 1736 965 1767 3
984 1734 1033 1766 cf.
1059 1735 1234 1775 ‘antiquo
1258 1735 1391 1767 iterum
1416 1734 1500 1767 ludo
1525 1735 1713 1768 inclusus.
1729 1763 1738 1771 ,
1753 1738 1778 1768 .'

248 1785 421 1829 Magistri
444 1781 607 1817 Conradi
631 1781 803 1812 canonici
828 1780 1066 1812 Thuricensis
1081 1779 1314 1821 ⁴fabularius,
1346 1790 1431 1814 nou.
1456 1790 1547 1814 mue.
1571 1780 1722 1815 Heluet.
1743 1782 1778 1815 V

247 1843 283 1874 p.
298 1833 344 1864 40
440 1831 463 1861 4
481 1837 535 1869 sq.
554 1826 755 1859 ‘Veianius
773 1843 815 1848 -
832 1825 935 1857 fixis’
963 1825 1114 1857 Seruius
1132 1824 1179 1856 ad
1201 1826 1293 1858 Aen.
1311 1824 1330 1856 I
1351 1826 1418 1857 248
1521 1826 1546 1857 8
1571 1836 1624 1868 sq.
1649 1827 1690 1858 11
1713 1826 1777 1859 flo-

247 1877 352 1919 rileg.
375 1872 607 1910 Nostradam.
703 1873 744 1904 12
775 1870 890 1904 schol.
916 1872 1117 1904 Veronens.
1141 1870 1281 1913 Vergil.
1307 1870 1422 1912 eclog.
1449 1871 1481 1912 6,
1509 1873 1527 1904 7
1552 1882 1586 1914 p.
1612 1872 1655 1904 73
1679 1872 1726 1904 Κ.

247 2000 377 2027 VARIA
405 1999 574 2026 LECTIO.

361 2068 425 2094 uu.
460 2056 583 2094 2-6
615 2058 750 2093 desunt
779 2057 818 2091 in
849 2067 866 2091 ε
982 2054 1005 2090 2
1038 2055 1158 2102 queris
1188 2054 1222 2090 Α
1250 2066 1274 2102 y
1304 2053 1326 2090 λ
1441 2053 1465 2091 3
1496 2054 1658 2091 Mecenas
1687 2067 1712 2104 γ
1741 2057 1781 2092 F

249 2113 401 2150 Micenas
434 2112 456 2148 λ
569 2112 755 2149 includere
786 2108 860 2148 52⁶
889 2108 913 2146 ὃ
942 2122 959 2147 2
998 2116 1067 2147 aut
1097 2122 1203 2148 corr.
1236 2122 1260 2154 ς
1286 2103 1345 2160 (β’
1371 2123 1466 2147 cons.
1497 2104 1559 2158 π’)
1589 2113 1709 2149 schol.
1742 2112 1782 2148 P.

248 2170 424 2204 inducere
455 2182 478 2204 ν
509 2174 546 2206 et
571 2170 664 2217 fort.
687 2166 745 2205 (51
777 2171 845 2205 aut
867 2180 935 2215 pr.
968 2167 1074 2215 (recte
1093 2166 1132 2214 d)
1162 2167 1319 2201 reddere
1337 2179 1364 2214 y
1393 2169 1503 2215 defic.
1527 2180 1546 2204 ε
1631 2167 1659 2204 4
1688 2168 1774 2202 Νοη

184 2245 192 2252 -
248 2230 350 2261 aetas
382 2227 506 2261 eadem
538 2237 610 2260 non
640 2237 741 2259 mens
761 2237 787 2271 y
817 2227 877 2259 scd
906 2226 987 2259 uide
1014 2226 1099 2259 imit.
1123 2224 1309 2271 Calpurn.
1334 2226 1403 2262 ecl.
1425 2223 1469 2264 4,
1491 2225 1564 2262 30:
1596 2222 1692 2259 ‘non
1715 2237 1775 2260 ea-

248 2284 326 2318 dem
358 2284 464 2317 nobis
495 2287 585 2317 sunt
613 2286 795 2328 tempora,
835 2293 907 2315 non
938 2281 1031 2315 deus
1060 2279 1175 2314 idem'
1291 2281 1381 2329 (zade
1409 2281 1442 2316 Α
1556 2280 1581 2318 5
1611 2278 1771 2332 abditus]

248 2341 395 2374 additus
425 2353 451 2388 y
537 2352 574 2376 u.
609 2340 632 2377 6
661 2349 790 2386 paene
820 2341 941 2375 omnis
970 2340 1074 2375 deest
1102 2340 1141 2374 in
1171 2349 1190 2373 ε
1278 2338 1301 2374 6
1331 2337 1404 2374 Nec
1434 2338 1472 2373 Ε
1554 2338 1690 2374 totiens
1720 2333 1776 2375 A'

248 2398 286 2434 E
304 2390 398 2433 Fa'
420 2393 462 2432 δ’
493 2395 532 2443 (ν
552 2410 574 2432 r
593 2394 634 2443 υ)
665 2396 803 2432 tociens
833 2407 856 2444 γ
883 2392 941 2444 (β’
964 2403 987 2430 σ
1005 2394 1043 2443 9)
1166 2398 1292 2430 exoret
1322 2387 1372 2430 A'
1400 2394 1438 2430 Ε
1462 2406 1486 2442 y
1513 2406 1544 2442 φ
1569 2406 1610 2442 p.
1639 2405 1720 2432 ras.
1741 2400 1777 2442 ψ

248 2467 336 2491 uar.
360 2452 381 2488 λ
404 2465 505 2490 corr.
531 2449 582 2496 ς”
603 2453 721 2489 schol.
746 2451 784 2486 Γ
810 2457 961 2488 exornet
982 2453 1020 2488 F
1037 2446 1078 2487 λ’
1099 2443 1143 2486 δ’
1159 2462 1223 2497 pr.
1248 2448 1296 2497 (et
1316 2450 1339 2486 2
1363 2450 1520 2497 Βίαντά.)
1588 2451 1720 2488 harena
1741 2452 1780 2487 Ε

248 2507 308 2560 (β’
329 2523 354 2546 ν
374 2518 398 2546 σ
415 2509 453 2558 9)
475 2511 594 2547 schol.
618 2508 657 2544 Γ
682 2519 799 2544 araena
820 2509 874 2555 Α,
897 2521 914 2545 ε
944 2521 1020 2545 non
1050 2510 1191 2555 liquet5
1221 2518 1325 2543 arena
1354 2519 1378 2556 γ
1398 2508 1437 2552 F
1453 2500 1494 2542 λ’
1514 2503 1557 2542 δ’
1579 2498 1672 2554 (πά
1693 2520 1716 2543 r
1735 2507 1774 2555 v)
1824 2557 1828 2559 Α

361 2566 386 2604 8
418 2559 571 2615 aeqlium
601 2563 626 2602 ὃ
656 2578 692 2602 α.
725 2576 806 2601 ras.
839 2577 856 2601 ε
887 2576 1019 2613 equum
1052 2559 1165 2601 cett.“
1192 2564 1357 2611 floriley.
1390 2563 1637 2600 Nostradam.

250 2624 302 2662 10
331 2619 472 2673 itaque]
504 2623 633 2668 utique
661 2633 687 2669 y
774 2627 894 2668 cetera
922 2634 945 2671 γ
966 2617 1063 2658 Εὸ’
1159 2619 1210 2655 12
1241 2619 1363 2656 Conde
1391 2620 1425 2656 A
1510 2631 1688 2668 compono
1718 2616 1775 2656 A'

247 2693 270 2728 y
292 2682 329 2716 F
346 2677 388 2715 δ’
412 2675 461 2723 gn
494 2690 663 2728 conpono
696 2679 734 2714 E
750 2678 772 2714 λ
792 2677 829 2726 (ν
850 2677 885 2724 r)
982 2677 1033 2714 14
1065 2675 1228 2713 addictus
1248 2677 1287 2712 F
1302 2672 1343 2711 λ’
1359 2670 1435 2712 δέ
1463 2677 1546 2722 (sed
1572 2679 1611 2713 in
1642 2675 1663 2711 λ
1692 2676 1774 2713 addi

248 2739 287 2772 in
318 2735 413 2781 ras.)
447 2733 499 2780 ς”
528 2730 689 2783 Porph.'
715 2736 834 2772 schol.
868 2733 906 2768 Γ
931 2734 1106 2770 adductus
1138 2729 1196 2768 A'
1230 2734 1263 2768 E
1286 2745 1310 2782 γ
1336 2729 1380 2768 δ’
1399 2743 1416 2768 2
1437 2730 1486 2780 (r)
1515 2735 1629 2781 yloss.
1662 2731 1701 2767 Γ
1724 2737 1771 2778 ef.

250 2792 470 2836 Quintilian.
503 2795 621 2830 instit.
654 2791 762 2832 1111,
785 2790 857 2828 22:
890 2788 1034 2836 ‘neque
1065 2790 1157 2824 enim
1189 2801 1241 2822 me
1273 2788 1487 2835 cuiusquam
1518 2793 1640 2823 sectae
1670 2789 1773 2823 uelut

248 2848 402 2893 quadam
432 2849 698 2894 superstitione
717 2848 879 2881 imbutus
900 2846 1045 2880 addixi’
1144 2845 1195 2882 15
1216 2857 1316 2894 cunt}
1331 2846 1371 2882 Ε
1388 2845 1440 2892 (υ)
1472 2856 1625 2894 cumque
1646 2840 1772 2882 celt.¹''

363 2904 414 2942 16
452 2916 591 2940 mersor
627 2901 713 2941 ,ΩΨ
745 2901 797 2948 ς”
836 2904 883 2950 (ct
920 2916 1016 2941 omn.
1061 2902 1215 2949 Bland.)
1253 2898 1363 2949 Pph!
1401 2894 1559 2949 Porph.'
1594 2903 1713 2939 schol.
1753 2898 1772 2939 ὲ
