1890 3106
763 148 830 175 vv.
862 147 998 173 εει-242
1635 133 1720 176 353

293 264 377 306 aut,
410 259 503 299 (lum
535 260 633 299 uitat
663 259 849 305 humum,
882 259 1010 300 nubes
1041 263 1079 300 et
1108 261 1241 300 inania
1273 264 1417 312 captet.
1467 297 1479 301 ,
1651 266 1719 298 230

293 334 449 374 effutire
479 333 580 373 leuis
610 333 772 385 indigna
803 334 1024 386 Tragoedia
1057 346 1216 380 uersus,

293 412 334 448 ut
363 408 473 448 sestis
503 397 685 448 matrona
716 409 873 448 moueri
902 409 1007 449 iussa
1039 407 1199 455 diebus,

292 483 477 522 intererit
507 482 657 535 Satyris
686 481 849 533 paulum
879 481 1111 534 pudibunda
1142 483 1356 535 proteruis.

293 568 372 596 non
404 568 476 608 ego
506 556 689 596 inornata
721 560 759 595 et
789 555 1033 595 dominantia
1065 557 1225 596 nomina
1257 555 1385 596 solum

293 629 514 682 uerbaque,
540 629 733 676 Pisones,
766 629 998 683 Satyrorum
1029 630 1204 681 scriptor
1235 629 1397 676 amabo,
1649 637 1716 669 235

292 715 366 744 nec
396 704 453 744 sic
485 704 612 744 enitar
642 703 794 755 tragico
826 703 989 744 differre
1020 702 1164 751 colori,

290 783 334 818 ut
363 776 460 817 nihil
490 777 668 828 intersit,
699 777 857 818 Dausne
887 777 1073 829 loquatur
1105 782 1144 817 et
1174 778 1302 819 audax

290 851 448 905 Pythias
478 856 665 892 emuncto
695 851 848 892 lucrata
879 852 1041 892 Simone
1071 851 1283 899 talentum,

290 938 339 966 an
371 931 503 966 custos
533 925 785 979 famulusque
816 926 879 966 dei
910 925 1068 966 Silenus
1099 925 1261 966 alumni.

291 1013 337 1040 ex
370 1005 463 1040 noto
494 1000 628 1040 fictum
660 1012 823 1040 carmen
853 1012 1014 1052 sequar,
1048 1005 1090 1040 ut
1120 999 1196 1040 sibi
1227 1001 1360 1051 quiuis
1649 1008 1717 1040 240

287 1079 422 1127 speret
451 1073 579 1119 idem,
612 1072 727 1114 sudet
757 1073 924 1114 multum
955 1075 1183 1127 frustraque
1215 1073 1369 1114 laboret

287 1159 406 1188 ausus
436 1147 558 1188 idem:
593 1152 744 1188 tantum
775 1148 900 1189 series
931 1149 1193 1201 iuncturaque
1223 1147 1367 1201 pollet,

173 1310 443 1338 TESTIMONIA.

262 1367 329 1399 230
354 1365 401 1398 cf.
427 1365 589 1398 Ioannes
614 1365 911 1398 Saresberiensis
943 1364 1072 1407 policr.
1099 1364 1188 1398 VIII
1213 1365 1250 1398 5:
1283 1365 1421 1398 ‘nubes
1447 1383 1492 1388 —
1516 1368 1712 1409 captant3’

171 1411 341 1444 imitatus
366 1414 424 1444 est
448 1411 598 1444 Persius
623 1412 655 1450 5,
674 1413 711 1444 7:
738 1414 749 1431 ‘
760 1410 903 1454 grande
928 1410 1088 1443 locuturi
1113 1410 1270 1443 nebulas
1296 1410 1478 1444 Helicone
1503 1410 1677 1454 legunto’

262 1457 328 1490 232
355 1466 409 1500 sq.
427 1455 560 1490 Acribo
586 1456 831 1490 scholasticus
856 1457 983 1490 music.
1009 1467 1043 1499 p.
1061 1458 1128 1490 205
1147 1453 1191 1500 [t.
1210 1455 1246 1489 11
1265 1453 1452 1500 Ger-bert]
1559 1459 1626 1491 240
1652 1460 1713 1491 ‘ex

171 1520 215 1527 -
240 1504 394 1545 sequar’
427 1501 541 1535 schol.
568 1503 598 1535 Γ
624 1503 733 1546 epist.
759 1502 796 1536 11
823 1504 858 1543 1,
888 1503 952 1535 167
1091 1503 1283 1535 240-242
1309 1502 1381 1536 ‘Ut
1413 1502 1487 1536 sibi
1518 1520 1561 1525 —
1593 1502 1711 1536 idem'

170 1547 324 1591 florileg.
347 1547 579 1581 Nostradam.

170 1698 297 1726 VARIA
328 1699 497 1726 LEOTIO.

284 1755 367 1794 230
397 1752 501 1806 dum]
534 1759 581 1792 nsi
613 1756 695 1794 BC
788 1756 879 1792 uitet
909 1767 934 1792 u
955 1753 1003 1803 (t)
1036 1758 1128 1793 uitet
1158 1767 1176 1792 ε
1209 1756 1298 1792 uitat
1330 1748 1500 1799 cett.';‘'
1521 1757 1590 1792 Ac.
1616 1757 1709 1793 Acr.

170 1817 330 1851 tractat.
361 1813 568 1850 Vindobon.
665 1812 744 1850 231
778 1811 943 1848 Effuttire
972 1824 996 1860 y
1017 1812 1056 1849 F
1071 1812 1093 1848 λ
1122 1812 1294 1849 Eeffutire
1314 1809 1339 1849 ὃ
1433 1813 1526 1850 leuis
1556 1825 1580 1862 y
1598 1823 1611 1849 1
1631 1813 1669 1849 B
1686 1814 1716 1851 C

169 1870 209 1918 (ν
229 1883 253 1907 α
273 1883 368 1906 cons.
390 1868 432 1916 π)
462 1882 487 1918 y
515 1869 618 1906 leues
649 1865 803 1913 cettlg'
923 1868 1108 1917 indignata
1139 1870 1176 1906 B
1278 1869 1468 1918 traguedia
1497 1871 1536 1907 F
1555 1867 1577 1905 δ
1602 1880 1615 1906 1
1643 1876 1712 1908 aut

163 1940 230 1975 pr.
264 1926 449 1976 tragoedia
479 1939 502 1975 γ
533 1926 695 1976 tragedia
725 1938 750 1963 u
867 1924 948 1963 233
980 1926 1099 1962 satiris
1131 1938 1156 1963 u
1239 1926 1367 1975 optuis
1388 1928 1426 1963 F
1539 1940 1604 1965 uu.
1628 1927 1710 1965 234

169 1983 316 2022 ——243
338 1983 568 2033 Spenyelius
585 1990 666 2030 post
686 1995 724 2021 u.
749 1982 832 2021 250
849 1984 1016 2029 ponebat,
1038 1989 1187 2029 suspect.
1212 1983 1422 2031 Gruppeus
1442 1995 1524 2030 opp.
1546 1981 1710 2032 Porph.'

169 2041 264 2079 Acr.
298 2045 458 2078 tractat.
492 2041 700 2078 Vindobon.
817 2038 899 2077 234
930 2040 1075 2076 nomine
1107 2040 1144 2076 B
1168 2039 1224 2076 01
1331 2039 1412 2077 235
1443 2041 1582 2088 pisonis
1613 2042 1651 2078 F
1669 2038 1710 2077 λ’

169 2096 192 2135 ὃ
208 2108 223 2135 1
241 2109 258 2135 ε
279 2097 326 2146 (et
347 2109 396 2140 nt,-
426 2098 598 2143 personis
628 2110 649 2133 τ
672 2097 701 2145 1)
790 2097 984 2133 satirorum
1006 2109 1031 2133 u
1120 2096 1202 2135 236
1232 2097 1284 2133 Ne
1314 2109 1338 2146 γ
1353 2109 1419 2145 pr.
1442 2109 1524 2143 opp.
1549 2102 1708 2135 tractat.

180 2179 384 2216 Vindobon.
511 2177 591 2215 237
624 2177 734 2214 nichil
764 2190 788 2214 u
891 2156 1026 2213 ‹latfsne
1058 2177 1094 2212 B
1124 2176 1260 2213 dausne
1292 2176 1322 2213 C
1349 2176 1511 2214 ‹lauusne
1543 2171 1710 2221 cett.';''

283 2240 320 2271 et
351 2235 386 2270 B
410 2233 439 2271 0
462 2247 488 2283 y
522 2230 585 2285 [V
610 2242 644 2270 et
671 2236 772 2271 alter
800 2230 962 2285 Bland.]
995 2244 1039 2270 an
1069 2247 1093 2283 γ
1112 2234 1151 2275 F
1169 2226 1247 2270 2'6
1267 2245 1284 2270 ε
1306 2246 1331 2271 u
1362 2230 1413 2278 ς”
1441 2235 1509 2271 Ac.
1542 2239 1587 2278 cf.
1620 2246 1707 2272 uar.

168 2294 257 2330 lect.
279 2294 390 2339 epist.
414 2292 426 2328 1
450 2291 523 2339 12,
549 2291 598 2328 17
696 2290 778 2329 238
807 2291 953 2340 Pythias
974 2292 1012 2328 F
1029 2287 1102 2326 Γᾶ
1122 2301 1140 2327 ε
1166 2291 1311 2340 Pithyas
1341 2304 1365 2341 y
1386 2292 1422 2327 B
1444 2291 1473 2328 C
1500 2291 1662 2328 Phithias
1684 2304 1710 2328 u
1755 2328 1757 2331 .

284 2344 365 2387 239
397 2348 520 2385 alunni
550 2361 575 2386 u
691 2347 775 2386 240
804 2359 948 2385 carmen
979 2347 1102 2385 fictum
1132 2361 1158 2386 u
1178 2361 1203 2397 y
1227 2344 1430 2398 [Bruxell.
1461 2345 1706 2398 Petropolit]

169 2418 258 2454 opp.
288 2397 460 2450 cett.';''
486 2405 557 2443 Ac.
585 2406 706 2443 schol.
737 2403 776 2440 Γ
799 2408 910 2459 epist.
940 2405 967 2441 ll
997 2406 1043 2452 1,
1076 2404 1155 2443 168
1281 2418 1345 2443 uu.
1380 2404 1604 2444 240—243
1637 2407 1706 2441 del.

168 2463 402 2501 Ribbeckius
537 2461 796 2499 241—243:
835 2468 899 2497 aut
929 2474 994 2499 uu.
1027 2461 1108 2499 242
1140 2473 1196 2511 sq.
1231 2468 1294 2498 aut
1331 2462 1465 2496 ‘sudet
1493 2485 1550 2490 --
1587 2462 1707 2497 idem'

168 2522 465 2571 delenda'ceuset
497 2520 704 2568 Gruppeus
821 2518 899 2556 241
925 2532 933 2555 :
956 2531 964 2554 :
987 2524 1091 2568 peret
1121 2529 1139 2555 ε
1170 2518 1290 2568 Spiret
1320 2514 1361 2556 λ’
1391 2519 1525 2565 Sperat
1554 2531 1575 2555 τ
1603 2531 1666 2567 pr.

167 2576 358 2626 frustaque
388 2588 406 2614 ε
522 2576 602 2613 242
626 2589 634 2612 :
657 2589 666 2612 ε
689 2589 697 2612 ;
719 2587 782 2612 sus
813 2588 830 2613 ε

281 2647 345 2672 uu.
378 2633 620 2672 243—410
648 2633 873 2671 DEFJCJT
907 2634 991 2670 cod.
1023 2645 1062 2675 ε,·
1098 2624 1159 2670 52¹
1178 2647 1236 2665 =
1263 2645 1287 2682 γ
1310 2633 1346 2669 Β
1367 2633 1396 2670 c
1415 2634 1453 2669 F
1470 2629 1510 2668 λ’
1532 2630 1554 2668 ὁ
1575 2645 1622 2675 u‚·
1654 2630 1708 2678 ς”

168 2708 223 2722 =
252 2696 321 2728 aut
349 2702 479 2729 omnes
505 2692 612 2728 codd.
644 2685 690 2740 β’
712 2687 750 2740 (β
771 2688 912 2736 Fran.)
933 2702 958 2726 ν
977 2685 1024 2726 π’
1048 2686 1090 2740 (π
1110 2688 1231 2737 Lips.)
1252 2699 1275 2725 6
1294 2702 1314 2726 τ
1336 2703 1360 2726 α
1381 2702 1404 2726 r
1424 2702 1450 2726 υ
1471 2688 1511 2737 (l)
1543 2694 1612 2727 aut
1638 2691 1706 2728 leo-

169 2760 254 2785 rum
284 2750 393 2786 codd.
417 2759 463 2785 ea
491 2759 591 2795 pars
621 2758 677 2784 ex·
702 2749 839 2796 quibus
858 2759 935 2784 non
956 2749 1059 2784 aliae
1077 2749 1263 2784 lectiones
1282 2751 1469 2784 notantur
1478 2763 1488 2788 ,-
1521 2759 1544 2790 ς
1562 2761 1617 2778 =
1638 2753 1707 2785 aul

169 2816 297 2842 omnes
317 2807 424 2843 codd.
446 2818 470 2841 ν
490 2813 513 2840 σ
532 2817 551 2840 τ
574 2818 597 2841 α
619 2817 642 2841 r
661 2817 687 2841 v
708 2803 749 2852 (l)
771 2809 839 2842 aut
864 2804 1001 2841 horum
1032 2805 1141 2842 codd.
1174 2815 1220 2841 ea
1247 2815 1348 2852 pars
1379 2814 1432 2841 eac
1462 2805 1599 2852 quibus
1629 2816 1706 2842 non

170 2863 273 2899 aliae
302 2864 488 2900 lectiones
517 2866 704 2899 notantur
