1930 3094
294 173 366 199 XVI
946 167 1178 195 PRAEFATIO

293 286 415 323 trium
453 284 614 322 illorum
651 295 753 334 quos
783 281 904 320 modo
944 280 1119 319 diximus
1156 280 1412 331 singularum
1445 280 1692 320 familiarum
1728 280 1827 320 olim

295 351 529 391 exhibuisse
559 350 762 389 uideatur.

123 437 250 496 ‘ffifflff
406 442 537 493 Ergo,
571 440 682 493 quod
712 439 1041 492 recipiendarum
1070 440 1159 478 siue
1188 444 1445 490 receptarum
1462 439 1827 493 lectionumlratio-

292 524 387 549 nem
416 511 584 557 attinet,
625 509 817 560 princeps
848 513 990 547 nostra
1019 508 1226 546 sententia
1256 507 1361 546 sicut
1391 508 1435 546 in
1465 507 1548 547 uol.
1578 507 1601 547 I
1631 509 1754 548 etiam
1780 509 1826 548 in

290 578 368 616 hoc
405 577 508 616 libro
550 590 598 615 ea
637 577 735 624 suit,
776 581 821 614 ut
858 576 1014 627 primae
1051 575 1190 613 classis
1227 575 1426 614 lectiones
1466 575 1553 615 fere
1590 581 1826 628 putaremus

293 646 464 697 optimas
503 645 748 695 easdemque
786 643 993 695 plerisque
1031 642 1130 680 locis
1168 655 1451 694 sequeremur:
1489 649 1587 683 sunt
1623 650 1762 684 autem
1798 644 1829 683 ii

293 713 453 752 codices
494 710 652 763 A‘(Aa)
667 709 897 762 DE'(Ee)y
935 716 976 749 et
1011 711 1055 748 in
1092 709 1288 749 subsidiis
1325 710 1577 751 Mellicensis
1614 711 1826 751 Parisinus

288 795 317 829 p
347 799 402 812 =
432 781 542 819 8214
570 794 639 818 tr.
681 779 926 830 ubicumque
947 791 1046 817 uero
1077 784 1251 829 utraque
1281 778 1362 816 alia
1384 779 1542 827 classis,
1575 785 1616 819 et
1645 779 1828 819 secunda

293 855 333 888 et
362 850 502 896 tertia,
542 849 585 886 in
623 848 801 886 lectione
839 861 863 885 a
900 847 1031 898 prima
1069 846 1200 902 classe
1232 845 1396 884 diuersa
1426 846 1729 898 congruebant,
1768 847 1828 886 ibi

291 906 398 956 haste
437 916 657 955 lectionem
694 915 754 953 illi
792 914 994 965 singulari
1030 927 1287 965 praeponere
1324 913 1556 952 solebamus
1595 915 1640 953 in
1669 915 1827 967 primae

293 985 432 1023 classis
473 983 696 1035 archetypo
734 979 1091 1021 mendum‘fuisse
1127 981 1397 1033 suspicantes.
1465 982 1604 1034 itaque
1642 983 1688 1022 in
1726 983 1826 1022 artis

292 1053 478 1103 poeticae
508 1065 548 1090 u.
581 1051 664 1089 360
694 1064 779 1089 non
810 1050 966 1101 primae
1003 1049 1143 1088 classis
1179 1049 1396 1088 lectionem
1426 1051 1568 1102 ‘opere
1597 1050 1642 1089 in
1671 1050 1824 1103 longo',

295 1120 368 1158 sed
409 1119 578 1158 alteram
616 1118 756 1170 ‘operi
794 1117 941 1169 longo'
992 1131 1083 1156 cum
1121 1116 1307 1155 omnibus
1348 1117 1477 1157 ferme
1515 1117 1742 1158 editoribus
1782 1118 1826 1157 in

293 1194 449 1227 textum
488 1187 733 1238 recepimus,
775 1187 992 1237 primariae
1028 1173 1223 1224 uidelicet
1267 1185 1406 1224 classis
1447 1185 1566 1224 istam
1606 1185 1826 1226 lectionem

293 1256 354 1294 nil
391 1268 480 1294 esse
518 1256 595 1293 rati
634 1255 714 1294 nisi
754 1254 1007 1305 grammatici
1045 1253 1256 1292 cuiusdam
1295 1252 1624 1292 emendationem
1661 1266 1826 1307 prorsus

296 1322 584 1363 damnandam.
627 1323 714 1362 eius
746 1322 858 1361 modi
888 1327 1025 1361 autem
1056 1321 1366 1361 emendationes
1388 1321 1688 1372 grammaticae,
1721 1334 1827 1374 quae

294 1392 532 1443 plerumque
555 1390 750 1442 perfacile
771 1390 930 1441 possint
952 1390 1117 1442 dispici,
1150 1389 1217 1427 hic
1247 1388 1332 1427 illic
1361 1389 1625 1441 reperiuntur
1653 1390 1698 1428 in
1726 1389 1826 1437 opti-

293 1461 366 1498 mis
398 1460 553 1511 primae
584 1458 724 1496 classis
756 1457 977 1496 codicibus.
1025 1471 1102 1496 nec
1132 1458 1348 1509 quisquam
1376 1469 1477 1496 sane
1517 1457 1677 1496 crimini
1706 1456 1826 1496 nobis

293 1527 464 1574 tribuet,
498 1526 609 1577 quod
639 1539 742 1573 non,
776 1526 818 1563 in
839 1525 960 1564 huius
983 1525 1121 1563 classis
1151 1523 1278 1563 uerba
1301 1525 1435 1563 iurare
1466 1523 1639 1573 addicti,
1673 1530 1827 1564 temere

296 1596 417 1634 etiam
448 1608 522 1645 per
542 1594 701 1632 uiaium
723 1606 879 1632 errores
910 1594 997 1631 eius
1027 1592 1147 1643 signa
1167 1592 1295 1630 secuti
1316 1605 1474 1640 sumus,
1507 1592 1582 1631 sed
1611 1592 1827 1645 maluimus

295 1663 405 1700 omni
436 1662 479 1700 id
510 1674 639 1713 genus
671 1674 767 1700 casu
798 1660 1069 1712 grammaticis
1090 1660 1245 1711 primae
1275 1659 1414 1698 classis
1443 1661 1682 1700 correcturis
1713 1665 1826 1699 ante-

295 1744 449 1782 ponere
487 1729 731 1768 ‘lectionem
770 1728 1063 1767 difficiliorem'
1109 1728 1254 1766 ceteris
1293 1727 1451 1766 duabus
1488 1726 1686 1766 classibus
1730 1741 1825 1767 con-

297 1803 492 1849 gruenter
521 1797 838 1849 suppeditatam.

409 1888 576 1926 Tertiae
609 1887 749 1925 classis
785 1886 893 1926 idest
929 1886 1124 1925 librorum
1163 1883 1827 1938 Ε(φψ)λ’(λί)δ’(ὁά)ειιυβ’(β

296 1955 434 2006 Fran.)
466 1951 515 1992 π’
539 1954 585 2006 (π
605 1954 729 2005 Lips.)
761 1955 960 1993 lectiones
990 1954 1220 2006 singulares
1252 1955 1452 2006 originem
1472 1954 1637 1994 duxisse
1656 1954 1827 1995 uidean-

295 2030 361 2063 tur
399 2038 420 2062 e
460 2025 663 2062 communi
701 2024 942 2062 recensione
980 2023 1206 2074 antiquitus
1245 2022 1429 2074 quidem,
1469 2022 1543 2061 sed
1580 2022 1828 2062 deteriorum

298 2092 483 2130 codicum
514 2105 591 2143 ope
622 2092 746 2130 facta.
807 2091 946 2142 itaque
982 2097 1027 2129 ut
1064 2096 1270 2130 taceamus
1303 2090 1354 2129 de
1383 2089 1521 2128 multis
1550 2089 1651 2129 locis
1681 2090 1828 2142 quibus

295 2160 398 2199 haec
427 2161 517 2211 ipsa
539 2160 712 2207 familia,
746 2172 851 2210 quae
873 2159 1181 2210 antiquissimae
1201 2159 1348 2210 utique
1376 2158 1547 2209 originis
1576 2163 1655 2206 est,
1687 2157 1829 2198 lectio-

296 2241 370 2267 nes
402 2227 758 2279 orthographicam
787 2228 822 2265 si
843 2227 1071 2278 respexeris
1094 2226 1222 2266 bonas
1253 2225 1437 2274 exhibet,
1469 2226 1680 2278 proprium
1701 2225 1827 2266 idem-

297 2310 376 2348 que
406 2309 546 2334 uerum
579 2296 796 2347 quicquam
825 2295 896 2333 uix
925 2293 987 2333 bis
1018 2301 1133 2334 terue
1163 2295 1356 2346 reperies.

410 2386 466 2425 Vt
496 2392 631 2425 autem
660 2385 809 2424 tertiae
840 2385 1020 2424 familiae
1050 2386 1249 2424 lectiones
1281 2385 1410 2424 omnis
1431 2386 1660 2436 promiscue
1684 2384 1826 2425 defen·

299 2454 396 2494 dere
436 2460 477 2493 et
514 2460 722 2506 tamquam
760 2453 810 2491 ab
841 2454 929 2504 ipso
969 2458 1091 2504 poeta
1120 2453 1325 2505 profectas
1361 2453 1643 2492 commendare
1672 2453 1828 2492 nemini

298 2523 340 2560 in
371 2528 550 2562 mentem
586 2522 745 2569 ueniet,
787 2521 844 2560 ita
885 2522 1012 2572 magis
1044 2526 1210 2560 econtra
1248 2521 1292 2559 in
1322 2520 1578 2560 aestimanda
1607 2521 1736 2560 classe
1766 2533 1826 2559 se-

299 2590 455 2637 cunda,
495 2603 602 2642 quae
641 2590 874 2627 continetur
912 2588 1119 2628 codicibus
1153 2586 1290 2640 BC(9)
1323 2609 1372 2615 -
1418 2589 1530 2626 V›·—
1561 2594 1602 2627 et
1631 2601 1682 2627 ex
1711 2593 1827 2640 parte

300 2659 421 2696 etiam
451 2657 659 2697 codicibus
684 2654 769 2707 (A')
781 2654 883 2703 Ε’λ,
916 2657 959 2694 in
992 2657 1208 2696 discrimen
1230 2669 1440 2703 uocamur,
1473 2656 1626 2707 quippe
1656 2668 1828 2707 quorum

301 2738 391 2764 cum
429 2726 519 2773 alii,
559 2731 644 2763 tum
685 2726 717 2762 V
744 2730 784 2763 et
812 2738 836 2774 9
873 2725 1020 2762 multos
1060 2725 1282 2763 lectionum
1318 2736 1482 2762 suarum
1519 2729 1559 2761 et
1593 2722 1828 2761 laudatores

301 2799 340 2830 et
372 2794 609 2832 defensores
641 2793 878 2832 inuenerint
908 2793 1138 2831 acerrimos.
1194 2792 1293 2844 quin
1325 2792 1548 2830 extiterunt
1577 2789 1828 2842 grammatici

301 2861 391 2912 qui,
433 2862 512 2898 nisi
552 2861 758 2899 codicibus
795 2875 819 2910 9
857 2856 898 2899 et
938 2862 969 2899 V
1005 2865 1370 2912 optemperaretur,
1413 2858 1541 2910 probe
1579 2870 1627 2896 ac
1665 2858 1827 2897 sincere
