1890 3106
214 137 298 180 356
684 154 843 182 HonA'm
873 156 928 182 DE
959 155 1068 182 ARTE
1098 156 1279 184 Pom-102&

329 277 406 304 non
439 265 569 316 quiuis
600 265 709 305 uidet
739 265 982 306 inmodulata
1012 272 1195 319 poemata
1226 268 1366 315 iudex,

329 343 367 377 et
397 337 484 377 «lata
518 337 706 378 Romanis
736 340 924 379 *ueniast
954 340 1114 391 indigna
1146 343 1287 394 poetis.

328 410 530 451 idcircone
560 423 682 464 uager
713 412 965 464 scribamque
996 413 1182 461 licenter,
1214 427 1264 455 an
1297 417 1424 456 omnis
1676 425 1743 458 265

329 485 485 524 uisuros
516 490 677 537 peccata
709 491 842 539 putem
876 499 983 539 mea,
1015 492 1120 528 tutus
1151 493 1190 528 et
1219 489 1323 529 intra

328 570 439 610 spem
472 559 613 599 ueniae
643 560 805 600 cautus?
835 561 959 601 uitaui
991 561 1163 614 denique
1193 561 1368 616 culpam,

327 643 406 671 non
437 631 594 672 laudem
625 634 764 674 merui.
826 646 898 674 uos
929 634 1167 688 exemplaria
1199 636 1348 676 Graeca

331 710 525 746 nocturna
556 713 713 748 uersate
743 720 881 754 manu,
913 714 1069 749 uersate
1101 709 1255 750 diurna.
1358 755 1361 758 ,

330 784 369 818 at
399 780 522 819 uestri
552 782 693 833 proaui
723 780 924 822 Plautinos
955 788 994 822 et
1025 795 1213 823 numeros
1246 789 1285 824 et
1679 791 1747 823 270

328 851 542 892 laudauere
573 853 696 899 sales,
730 856 895 895 nimium
926 856 1121 907 'patienter
1151 861 1388 908 utrumque,

327 937 377 965 ne
409 925 536 966 dicam
567 927 705 973 stulte,
737 929 885 974 mirati,
917 930 951 969 si
982 929 1100 969 modo
1133 941 1205 981 ego
1237 935 1276 970 et
1306 942 1379 971 uos

328 1000 473 1040 scimus
502 999 742 1041 inurbanum
774 1001 906 1054 lepido
937 1014 1134 1055 seponere
1166 1002 1288 1050 dicto,

213 1171 483 1199 TESTIMONIA.

304 1226 371 1259 263
396 1226 442 1258 cf.
467 1226 604 1260 Auson.
633 1226 745 1271 edyll.
771 1229 812 1267 4,
837 1228 897 1261 56:
930 1230 988 1261 ‘te
1021 1231 1242 1272 praeeunte,
1275 1239 1408 1272 nepos,
1440 1229 1629 1264 modulata
1659 1241 1773 1274 poor

214 1273 314 1303 mata
338 1271 484 1305 Flacci’
601 1273 666 1306 267
693 1273 744 1306 cf.
769 1273 914 1307 eebasis
940 1275 1082 1317 captiui
1105 1285 1140 1309 u.
1168 1275 1249 1308 745:
1276 1275 1394 1308 ‘hanc
1419 1275 1552 1309 meruit
1575 1286 1746 1319 poenam,

213 1317 347 1350 uitasti
371 1317 530 1360 denique
556 1317 722 1361 culpam’
816 1320 882 1353 268
900 1329 952 1362 sq.
977 1323 1062 1353 ‘uos
1086 1338 1133 1344 —-
1154 1323 1285 1354 manu’
1304 1320 1388 1354 Aer.
1405 1320 1453 1354 ad
1470 1331 1576 1356 serm.
1595 1322 1613 1355 I
1630 1323 1663 1364 3,
1683 1323 1747 1357 117

213 1466 341 1494 VARIA
375 1466 527 1494 LECTIO
537 1486 544 1493 .

330 1523 410 1561 263
441 1523 661 1561 inmodulata
682 1536 705 1574 γ
727 1525 756 1562 C
774 1522 798 1561 ὃ
819 1538 844 1562 u
866 1524 905 1575 (β
914 1522 960 1562 ’ν
980 1525 1019 1573 υ)
1049 1526 1246 1563 imodulata
1268 1528 1304 1564 B
1335 1528 1565 1565 immodulata
1594 1524 1749 1575 cettlg'

327 1586 494 1628 poemate
524 1581 560 1617 F
587 1586 751 1629 poemata
782 1578 885 1619 cett!
906 1587 941 1629 ψ
962 1593 1065 1619 corr.
1164 1583 1245 1621 264
1267 1584 1340 1618 Sed
1361 1584 1445 1618 data
1464 1597 1490 1633 y
1568 1587 1689 1623 uenias
1712 1587 1747 1622 B

216 1638 321 1673 uenia
352 1642 408 1673 est
439 1633 608 1680 cett.'‹;'‘
640 1637 749 1671 uenia
766 1649 793 1685 y
900 1635 1065 1689 indigna]
1097 1639 1238 1674 iniusta
1266 1651 1292 1687 y
1317 1637 1630 1693 [Montepessul.]
1663 1655 1744 1690 opp.

215 1698 331 1730 tract.
364 1694 467 1731 Vind.
567 1693 648 1732 265
679 1694 859 1731 Iccircone
881 1695 911 1732 0
929 1694 979 1742 (6)
1009 1695 1156 1744 lech-cu,
1179 1709 1248 1734 om.
1281 1708 1340 1745 ne,
1364 1697 1399 1733 B
1429 1697 1612 1736 idcircone
1643 1694 1746 1737 cett!

217 1746 270 1794 ς”
290 1751 359 1787 Ac.
456 1762 500 1786 an
519 1762 544 1799 γ
569 1750 601 1786 Β
624 1750 654 1788 0
671 1746 711 1786 λ’
726 1747 750 1786 ὃ
773 1747 823 1795 ς”
845 1752 913 1789 Ac.
935 1752 1029 1789 Aer.
1059 1756 1175 1790 tract.
1209 1754 1314 1791 Vz'nd.
1347 1759 1387 1790 ut
1416 1766 1441 1792 u
1459 1766 1486 1802 y
1511 1750 1745 1805 [Bar-cinon.

215 1818 317 1844 corr.
352 1807 478 1845 Basil.
507 1807 520 1843 1
551 1805 762 1855 (superscr.
793 1809 808 1844 i
839 1807 900 1856 an)
936 1809 1145 1847 Parisinus
1174 1809 1284 1848 8219
1317 1823 1405 1847 nar.
1439 1812 1459 1848 1
1493 1812 1576 1849 cod.
1610 1809 1743 1864 Statii]

215 1887 344 1923 Bentl.
368 1888 563 1922 consentire
584 1886 774 1924 Acronem
795 1888 911 1923 dicens
940 1858 1035 1924 Ξιιιῖῑυ
1066 1893 1102 1922 at
1131 1901 1157 1937 y
1179 1885 1391 1940 [Ber-nens.
1415 1886 1516 1941 542]
1542 1890 1748 1939 Gruppeus

215 1949 253 1977 et
279 1954 306 1990 y
330 1939 521 1993 [Parisin.
544 1940 675 1994 8216]
698 1944 781 1981 Fea
869 1946 985 1982 omnis
1017 1945 1053 1980 Β
1075 1945 1104 1982 C
1124 1956 1135 1982 1
1156 1942 1195 1982 λ’
1213 1942 1235 1981 ὃ
1255 1945 1293 1993 (ν
1314 1959 1333 1982 τ
1355 1945 1394 1995 a)
1413 1959 1440 1995 y
1462 1943 1508 1998 [β
1528 1958 1558 1983 π
1576 1958 1593 1985 2
1614 1948 1745 1987 Brux.

216 2000 333 2037 Gron.
355 2000 526 2048 Montep.
559 1997 756 2051 Vossian]
786 2013 816 2037 ω
846 2002 914 2038 Ac.
945 2012 1069 2038 omnes
1089 2014 1114 2052 y
1134 2015 1159 2039 u
1179 2001 1216 2050 (6
1235 2015 1258 2039 r
1278 2015 1303 2039 v
1324 2009 1357 2039 et
1379 2004 1503 2041 Fran.
1522 2005 1651 2052 Lips„
1680 2016 1711 2042 π
1732 2016 1745 2043 1

214 2069 290 2094 non
319 2055 426 2105 liqu.)
540 2056 620 2094 266
652 2054 764 2108 intra]
797 2061 900 2092 extra
930 2059 1139 2096 Lambinus
1227 2061 1330 2096 uenie
1359 2072 1383 2109 γ
1471 2060 1551 2099 266
1573 2072 1630 2110 sq.
1661 2073 1746 2099 cau·

215 2114 295 2150 tus?
328 2114 439 2150 uitaui
469 2115 578 2151 codd.
601 2114 694 2151 Aer.
717 2118 875 2151 tractat.
911 2115 1016 2152 Vina.
1039 2115 1247 2153 Lambinus
1267 2116 1396 2154 Reme.
1426 2118 1509 2154 Fea
1530 2118 1634 2152 mea?
1666 2143 1674 2153 .
1700 2143 1710 2153 .
1733 2143 1743 2151 .

214 2174 345 2205 cautus
384 2170 500 2204 uitaui
536 2171 745 2218 interpung.
778 2171 1034 2209 Doederlz'nus
1066 2172 1181 2206 uitaui
1213 2192 1263 2198 —-
1294 2172 1410 2207 merui
1440 2176 1508 2212 del.
1540 2175 1746 2223 Gruppeus

327 2226 499 2261 incautus
531 2227 648 2261 uitaui
678 2228 975 2265 Hamaclaerus:
1011 2231 1072 2264 sed
1108 2230 1160 2264 hic
1196 2231 1292 2264 locus
1327 2232 1431 2265 nulla
1467 2237 1551 2278 eget
1579 2233 1744 2267 emenda-

213 2285 328 2330 tione,
359 2296 480 2319 uerum
513 2290 610 2320 recta
637 2285 929 2330 interpretatione
958 2286 1123 2321 uocabuli
1151 2284 1313 2332 ‘tutus'‚
1345 2289 1387 2322 de
1417 2299 1483 2332 quo
1513 2292 1559 2334 qs.
1591 2299 1628 2325 u.
1662 2286 1715 2326 28

328 2339 409 2378 268
442 2351 569 2389 graeca
598 2341 635 2376 B
656 2340 694 2388 (a
716 2347 749 2376 et
768 2340 810 2389 π)
842 2338 986 2392 gressca
1016 2342 1036 2378 λ
1067 2353 1172 2391 greca
1204 2347 1292 2380 cett.
1423 2356 1486 2381 uu.
1521 2343 1743 2382 270-274

214 2400 283 2434 del.
309 2397 537 2444 Gruppeus,
568 2398 660 2432 inter
690 2410 755 2435 uu.
790 2397 870 2436 262
903 2404 937 2433 et
966 2397 1048 2436 263
1078 2400 1179 2445 ponit
1214 2399 1393 2437 Prinzius
1507 2400 1591 2439 270
1619 2398 1693 2450 Αξιι
1720 2413 1744 2450 γ

215 2451 342 2505 Asstl
465 2455 578 2490 uestri
607 2450 739 2498 „mg”
775 2454 824 2502 (et
860 2467 959 2492 omn.
999 2457 1107 2494 codd.
1140 2455 1298 2504 Oraqu.)
1338 2460 1497 2494 tractat.
1538 2457 1740 2494 Vindobon.

216 2510 333 2545 nostri
361 2521 387 2557 y
418 2506 628 2559 [Beruens.
657 2511 737 2550 508
770 2512 1015 2549 Nostradam.
1053 2524 1139 2549 uar.
1183 2513 1353 2551 Vossian.
1381 2513 1453 2560 fol.
1487 2509 1586 2563 130]
1621 2525 1652 2550 ω
1687 2514 1747 2548 ubi

214 2569 324 2603 uerba
363 2565 433 2600 ‘At
462 2587 517 2593 —-
555 2567 675 2602 sales'
714 2580 786 2603 non
824 2568 993 2615 Horatio,
1032 2571 1093 2604 sed
1126 2570 1303 2605 Pisonibus
1331 2570 1574 2605 tribuebantur

215 2624 294 2661 271
327 2624 510 2672 pacienter
533 2624 573 2661 F
674 2624 755 2662 272
787 2626 845 2659 Ne
876 2625 988 2659 stulte
1018 2626 1131 2660 dicam
1148 2637 1175 2673 y
1280 2626 1331 2663 Ne
1360 2625 1473 2662 dicam
1504 2620 1629 2669 Ω’ς”
1649 2627 1743 2664 Acr.

215 2681 299 2714 Non
333 2680 446 2714 dicam
475 2693 502 2729 y
529 2677 793 2730 [Nostradam.
828 2689 897 2729 ρκ’
936 2683 1150 2719 Valentiam.
1182 2677 1215 2734 1]
1250 2683 1482 2720 Sanadonus
1521 2694 1588 2716 nec
1627 2683 1741 2716 dicam

217 2737 491 2774 Stallbaumius
606 2739 741 2774 mit-atis
773 2738 879 2774 modo
911 2739 948 2774 B
1063 2739 1143 2776 273
1176 2739 1315 2788 laepido
1345 2740 1384 2775 F
1472 2738 1674 2786 sepondere
1706 2740 1742 2775 B

328 2793 463 2830 dictum
495 2806 519 2830 u
538 2805 564 2843 y
595 2794 692 2832 dicto
723 2782 893 2838 cett.'g'''
913 2790 1026 2844 Pph!
1047 2796 1138 2832 Aer.
1163 2799 1320 2833 tractat.
1355 2795 1558 2832 Vindobon.
1591 2795 1686 2830 dicto
1716 2807 1741 2832 ν

216 2848 313 2882 dictu
346 2862 371 2898 3]
