1890 3106
219 89 300 131 194
740 103 899 132 nossA'ri
930 105 1223 134 EPISTVLARVM

329 228 401 268 per
433 227 540 255 mare
570 216 800 268 pauperiem
831 217 1007 267 fugiens,
1041 229 1112 269 per
1143 230 1253 264 saxa,
1286 230 1358 270 per
1387 219 1517 270 ignes:

329 301 379 328 ne
410 301 524 329 cures
556 301 619 338 ea,
653 301 754 341 quae
784 288 903 329 stulte
933 290 1090 330 miraris
1121 296 1160 331 et
1190 295 1321 343 opta&

329 362 482 402 discere
514 367 553 402 et
582 361 718 402 audire
750 368 789 403 et
818 362 972 403 meliori
1002 364 1168 405 credere
1198 377 1279 405 non
1308 366 1392 405 uis?

328 437 417 489 quis
447 437 597 476 circum
628 449 750 489 pagos
782 442 820 477 et
850 438 1002 477 circum
1033 439 1204 491 compita
1234 441 1403 491 pugnax
1441 446 1443 448 ’

329 521 469 561 magna
500 511 686 550 coronari
715 515 943 551 contemnat
974 510 1172 564 Olympia,
1206 513 1269 552 cui
1298 525 1411 566 spes,
1696 520 1742 553 50

327 585 391 624 cui
423 585 474 624 sit
503 583 683 624 condicio
715 584 840 624 dulcis
871 585 956 624 sine
987 585 1156 638 puluere
1184 586 1362 639 palmae?

332 656 452 698 uilius
482 662 688 709 argentum
721 662 781 698 est
810 671 926 705 auro,
959 659 1174 700 uirtutibus
1204 673 1357 700 aurum.

329 732 375 770 ‘o
407 732 534 779 ciues,
566 733 697 778 ciues,
729 732 956 783 quaerenda
987 735 1156 786 pecunia
1187 735 1358 787 primum
1391 741 1470 781 est;

331 806 456 845 uirtus
487 810 578 858 post
608 807 833 857 nummos!'
864 807 962 847 haec
994 807 1109 848 Ianus
1139 820 1315 849 summus
1346 808 1396 849 ab
1425 810 1505 850 imo

214 955 482 982 TESTIMONIA.

304 1020 349 1053 48
375 1020 423 1052 cf.
450 1019 574 1053 echas.
601 1021 735 1063 captiu.
762 1031 796 1053 u.
823 1022 930 1054 1129:
962 1022 1106 1056 ‘dicere
1133 1025 1170 1055 et
1200 1023 1328 1056 audire
1360 1026 1397 1057 et
1425 1023 1568 1058 meliori
1597 1025 1745 1061 credere

214 1067 287 1098 non
312 1065 389 1098 uis'
511 1067 555 1098 50
578 1066 792 1099 Priscianus
817 1067 935 1100 instit.
959 1068 1084 1100 XVIII
1108 1070 1164 1109 27,
1190 1070 1274 1102 284:
1299 1069 1415 1102 Attici
1439 1067 1621 1113 στέφεται
1645 1070 1745 1116 τῷδε

213 1108 280 1144 καὶ
317 1105 418 1143 τόδε.
451 1114 488 1142 et
522 1111 679 1144 Romani
719 1115 940 1145 ‘coronatur
975 1112 1076 1145 illam
1115 1117 1212 1146 rem'
1253 1117 1292 1148 et
1330 1114 1420 1148 ‘illa
1456 1118 1528 1158 re’,
1567 1116 1745 1159 quomodo

214 1156 327 1189 etiam
351 1155 578 1188 ‘inducitur’
604 1158 798 1190 Horatius:
831 1159 1022 1191 ‘coronari
1047 1158 1237 1202 Olympia'
1354 1162 1397 1193 52
1423 1160 1671 1195 Columbanus
1697 1162 1746 1196 ad

214 1201 427 1234 Hunaldum
451 1212 484 1234 u.
510 1203 530 1234 9
556 1202 685 1234 Petrus
716 1203 832 1237 abbas
859 1203 1115 1238 cluniacensis
1141 1206 1249 1248 epist.
1275 1206 1294 1239 I
1317 1207 1338 1238 6
1367 1204 1550 1249 [biblioth.
1575 1206 1744 1241 Cluniae.

213 1258 247 1290 p.
272 1244 355 1290 628]
473 1248 516 1280 53
547 1257 599 1290 sq.
630 1250 672 1280 ‘o
697 1265 739 1271 -—
765 1251 949 1282 nummos’
981 1248 1200 1293 florilegium
1231 1250 1351 1286 Paris.
1382 1252 1492 1285 8818ἃ
1523 1252 1746 1286 Vincentius

213 1291 491 1326 Bellouacensis
518 1292 656 1335 specul.
684 1293 811 1327 histor.
836 1294 906 1327 VII
932 1295 975 1328 68
998 1295 1130 1328 Petrus
1156 1296 1412 1331 Cluniacensis
1436 1297 1545 1341 epist.
1568 1298 1587 1331 1
1610 1298 1631 1331 6

213 1339 257 1372 54
282 1348 335 1380 sq.
363 1338 476 1371 ‘haec
500 1356 545 1362 —-
570 1338 767 1382 prodocet’
795 1339 911 1373 schol.
937 1341 968 1374 Γ
992 1340 1100 1384 epist.
1126 1342 1144 1374 I
1170 1343 1231 1384 20,
1259 1343 1276 1375 1

214 1487 342 1515 VARIA
372 1489 524 1516 LEOTIO
531 1505 538 1513 .

214 1559 318 1594 dian.
351 1558 397 1594 de
426 1557 471 1593 111
501 1568 607 1594 cons.
631 1557 782 1595 Honor.
805 1557 907 1594 257:
940 1557 952 1576 <
963 1560 1001 1591 tu
1035 1557 1120 1592 licet
1150 1562 1331 1594 extremos
1361 1559 1434 1595 late
1463 1560 1650 1596 dominere
1679 1573 1747 1608 per

215 1613 353 1647 Indos'
453 1613 507 1651 46
535 1620 617 1660 post
647 1625 766 1662 mare,
798 1626 869 1650 mm
896 1621 976 1661 post
1005 1614 1113 1651 ludos
1140 1616 1349 1664 interpung.
1371 1616 1601 1665 Meinelcius,
1621 1620 1747 1664 salso.-

215 1671 362 1718 ctenim,
401 1673 494 1715 quod
528 1671 600 1706 iam
636 1671 883 1719 Porphyrion
924 1672 1031 1718 uidit,
1070 1671 1261 1710 Horatius
1296 1674 1454 1710 imitatus
1488 1681 1539 1711 est
1572 1675 1742 1728 Theo-qn.

216 1726 296 1764 175
328 1737 434 1776 sqq..·
482 1721 552 1772 *ἣν
583 1728 747 1774 (πενίην)
785 1724 831 1773 δὴ
862 1724 929 1773 χρὴ
968 1724 1155 1773 φεύγοντα
1193 1728 1258 1764 καὶ
1287 1726 1322 1770 ἐς
1352 1727 1572 1778 βαθυκήτεα
1604 1727 1746 1768 πόντον

215 1780 358 1828 ῤἰπτεῖν
388 1782 453 1818 καὶ
482 1782 660 1831 πετρέων,
694 1781 836 1832 Κύρνε,
876 1780 959 1820 κατ’
991 1780 1190 1832 ἠλιβάτων.
1249 1783 1316 1832 χρὴ
1355 1783 1425 1833 γὰρ
1455 1783 1554 1834 ὁμῶς
1583 1784 1644 1824 ε’πὶ
1673 1790 1744 1836 γῆν

214 1852 252 1875 τε
283 1838 348 1875 καὶ
378 1836 485 1886 εὐρέα
514 1842 613 1876 νῶτα
642 1837 835 1887 θαλάσσης
864 1842 1038 1887 δίζησθαι
1067 1843 1245 1891 χαλεπῆς,
1284 1840 1428 1890 Κύρνε,
1458 1841 1564 1885 λύσιν
1592 1847 1745 1893 πενίης’

327 1898 498 1945 pauperie
527 1910 550 1947 y
637 1898 769 1947 sugens
801 1899 839 1935 E
922 1910 1005 1935 saxa
1025 1894 1111 1935 ,ΩΨ
1134 1896 1186 1944 ς”
1213 1902 1378 1950 florileg).
1402 1902 1649 1940 Nostradam.
1670 1903 1746 1938 tela

211 1965 238 2001 y
259 1966 339 2001 opp.
367 1955 533 2003 leeoyn.
556 1967 656 2000 quem
683 1958 788 1991 modo
816 1957 1042 1992 laudauimus
1146 1958 1250 2006 ignes
1280 1954 1367 1994 Em
1389 1954 1442 2002 ς”
1466 1961 1587 2007 floril.
1610 1959 1742 1999 Nostr.

298 2010 351 2047 47
375 2022 445 2060 que
469 2012 507 2048 Ε
523 2012 544 2049 λ
629 2011 742 2061 stulte
762 2013 800 2049 F
874 2025 938 2050 uu.
965 2012 1133 2051 48—64
1153 2015 1262 2051 initia
1286 2016 1424 2052 desunt
1443 2027 1461 2052 ε
1546 2015 1600 2054 48
1621 2015 1744 2054 Dicere

213 2068 251 2104 F
276 2062 314 2103 λ’
337 2077 351 2103 1
380 2065 404 2104 ὃ
413 2064 455 2104 '1
483 2067 531 2116 (et
560 2080 589 2105 π
618 2067 646 2116 1)
673 2080 719 2115 ,ω
752 2081 770 2106 ε
800 2070 911 2118 defic.
945 2071 1063 2107 schol.
1098 2069 1152 2107 Γ.·
1191 2066 1379 2122 ει’)’στερον
1413 2067 1624 2124 πρότερον,
1663 2085 1743 2108 nam

190 2124 319 2169 *prius
350 2124 536 2169 audimus,
568 2130 645 2159 tum
675 2125 871 2160 discimus'
951 2126 1013 2164 49
1045 2128 1189 2176 conpita
1218 2128 1257 2164 E
1285 2125 1333 2176 (r)
1362 2130 1519 2178 compita
1549 2125 1743 2174 cett.'“;''
1789 2126 1791 2129 ’

213 2176 325 2228 Pplz!
356 2185 486 2227 copeta
514 2194 538 2230 9
624 2193 778 2231 pugnax
802 2183 841 2219 E
925 2183 978 2221 50
1009 2188 1215 2220 contemnat
1235 2186 1274 2222 F
1290 2184 1311 2220 λ
1332 2183 1369 2234 (9
1389 2191 1422 2221 et
1440 2184 1484 2234 π)
1513 2191 1746 2236 contempnat

213 2234 266 2273 A'
301 2238 333 2274 E
356 2250 380 2287 γ
400 2233 442 2274 δ’
466 2234 505 2283 ς’
533 2240 697 2287 florileg).
722 2239 968 2276 Nostradam.
999 2245 1223 2289 contemptat
1245 2254 1263 2278 ε
1285 2252 1298 2278 1
1328 2247 1369 2279 ut
1399 2243 1493 2290 uid„
1524 2254 1629 2281 nunc
1658 2254 1744 2280 con-

215 2299 350 2343 tempta
438 2294 581 2343 olimpia
611 2296 649 2332 E
666 2291 710 2331 δ’
797 2307 862 2344 pes
894 2296 949 2333 λ1
1044 2296 1108 2334 51.
1128 2294 1204 2348 cui]
1238 2297 1329 2332 Cum
1357 2306 1380 2333 6
1401 2309 1414 2335 1
1500 2300 1664 2337 condicio
1693 2290 1745 2338 A'

214 2356 248 2398 ψ
269 2349 290 2386 λ
311 2349 348 2398 (σ
366 2364 390 2400 9
411 2358 443 2386 et
463 2350 584 2399 Lips.)
615 2351 774 2389 conditio
807 2349 909 2389 cett!
933 2349 971 2397 ς’
1001 2356 1164 2403 floriley.
1195 2354 1462 2398 Nostradam.‚-
1491 2367 1509 2393 ε
1539 2357 1650 2405 defle.

214 2407 366 2456 puluere
395 2403 482 2445 ,ΩΨ
506 2404 557 2451 ς”
586 2410 701 2457 9ῑοεε.
735 2408 774 2444 Γ
797 2411 959 2459 floriley·
993 2411 1238 2448 Nostradam.
1271 2411 1434 2456 pondere
1462 2425 1489 2461 y
1574 2413 1691 2462 palme
1723 2413 1744 2450 λ

329 2462 382 2508 52
414 2464 534 2498 Vilius
566 2469 623 2499 est
653 2469 844 2510 argentum
874 2477 964 2501 auro
986 2480 1011 2503 v
1030 2479 1056 2515 y
1077 2468 1218 2505 Petrus
1242 2466 1507 2506 Cluniacensis
1538 2469 1654 2503 Vilius
1685 2475 1744 2504 est

216 2532 306 2555 auro
336 2523 528 2566 argentum
553 2533 579 2569 y
610 2521 811 2560 Bentleius
840 2536 921 2570 opp.
944 2520 1032 2559 ,ΩΨ
1055 2519 1106 2568 ς”
1136 2524 1351 2562 Columban.
1381 2526 1545 2574 florileg.
1577 2526 1741 2564 Nostra-

214 2579 313 2614 dam.
347 2576 419 2625 (est
446 2579 485 2613 in
513 2590 586 2614 ras.
616 2580 678 2614 scd
707 2592 729 2613 α
759 2590 784 2615 1.
815 2593 862 2617 m.
894 2580 1014 2628 Lips.)
1109 2580 1162 2618 53
1194 2580 1376 2629 querenda
1404 2593 1428 2630 γ
1448 2580 1470 2617 λ
1489 2575 1533 2618 δ’
1621 2594 1743 2631 pecua

215 2637 280 2671 nia
310 2631 335 2670 ὃ
422 2631 495 2684 est]
529 2647 596 2671 om.
628 2638 715 2680 flor.
750 2636 879 2674 Nostr.
969 2637 1022 2674 54
1052 2649 1181 2674 numos
1203 2634 1432 2674 dstnummos
1463 2634 1584 2676 cett.'‘
1607 2636 1632 2676 δ
1650 2650 1668 2676 2
1690 2634 1742 2684 ς”

328 2686 529 2728 haee.52‘''
561 2703 585 2736 ς
620 2693 740 2730 schol.
773 2691 812 2727 Γ
844 2694 897 2730 αα
932 2697 1040 2741 epist.
1075 2694 1088 2729 1
1128 2694 1202 2742 20,
1234 2694 1255 2731 1
1295 2694 1360 2728 hec
1396 2689 1479 2744 ss'y
1513 2696 1742 2745 floriteyium
1811 2686 1813 2689 ’

218 2747 463 2784 Nostradam.
496 2748 563 2783 hoc
589 2761 616 2797 y
648 2745 695 2799 [π
726 2746 756 2800 1]
797 2747 916 2796 equos
955 2751 1061 2785 haec
1097 2750 1240 2785 inducit
1267 2751 1437 2786 monere'
1468 2748 1628 2799 Porplz!

215 2799 337 2853 lanus]
371 2804 492 2841 cianus
523 2806 556 2842 Α
904 2813 907 2815 ’
