1890 3106
220 156 303 200 358
687 170 846 198 ΗοΒΑΤι
876 170 932 195 DE
962 169 1070 196 ARTE
1099 169 1280 196 PommA

334 284 416 323 ausi
448 283 635 322 deserere
667 286 705 321 et
735 279 939 320 celebrare
970 280 1183 320 domestica
1218 280 1339 325 lacta,

335 355 398 395 uel
430 357 497 409 qui
527 359 750 408 praetextas
781 353 843 394 uel
875 355 942 405 qui
972 354 1145 394 docuere
1176 359 1342 405 togatas.

334 442 407 469 nec
438 430 583 469 uirtute
615 428 718 469 soret
748 427 916 469 clarisue
947 428 1146 480 potentius
1176 428 1296 467 armis

334 515 450 554 quam
481 502 614 555 lingua
644 502 817 548 Latium,
850 502 883 541 si
912 514 992 541 non
1024 501 1241 542 offenderet
1274 513 1392 557 unum
1681 507 1749 541 290

334 588 531 628 quemque
561 581 768 629 poetarum
800 574 919 615 limae
949 574 1062 616 labor
1092 580 1132 616 et
1161 587 1284 615 mora.
1346 587 1438 621 uos,
1472 587 1496 614 ο

334 649 550 702 Pompilius
579 651 756 701 sanguis,
789 662 948 690 carmen
982 649 1280 702 reprehendite,
1313 649 1418 702 quod
1451 661 1532 688 non

287 738 289 740 ·
334 723 456 763 multa
490 723 576 763 dies
607 728 646 764 et
676 723 797 764 multa
826 723 944 763 litura
977 724 1155 762 coercuit
1184 728 1301 775 atque

334 798 554 850 perfectum
586 797 746 844 deciens
776 809 856 837 non
887 798 1092 848 castigauit
1121 796 1168 836 ad
1198 809 1384 848 unguem.
1415 842 1417 844 ,

333 872 537 923 ingenium
569 872 712 911 misera
743 871 835 922 quia
865 862 1103 910 fortunatius
1133 875 1218 910 arte
1682 875 1749 907 295

335 944 461 984 credit
491 949 529 983 et
561 944 734 984 excludit
763 956 880 983 sanos
910 943 1100 983 Helicone
1132 948 1268 996 poetas

334 1018 603 1064 Democritus,
635 1017 737 1057 bona
771 1030 862 1070 pars
894 1029 972 1057 non
1003 1018 1146 1069 unguis
1177 1030 1327 1069 ponere
1358 1023 1489 1063 curat,

334 1104 413 1131 non
445 1091 629 1137 barbam,
664 1095 815 1131 secreta
848 1092 946 1142 petit
976 1091 1081 1137 loca,
1115 1090 1255 1131 balnea
1287 1092 1394 1130 uitat.

335 1166 586 1204 nanciscetur
617 1165 721 1204 enim
753 1165 924 1217 pretium
957 1176 1182 1215 nomenque
1213 1169 1374 1217 poetae,

334 1240 366 1277 si
398 1238 523 1279 tribus
554 1238 750 1291 Anticyris
782 1243 901 1291 caput
931 1237 1149 1278 insanabile
1180 1249 1396 1288 numquam
1684 1244 1751 1275 300

218 1361 488 1388 TESTIMONIA.

311 1404 378 1436 288
396 1404 594 1437 Diomedes
612 1415 645 1446 p.
660 1405 726 1436 489
741 1403 785 1435 K.
860 1405 926 1436 290
945 1414 999 1445 sq.
1018 1403 1107 1436 imit.
1127 1403 1274 1435 Persius
1293 1403 1323 1442 1,
1341 1403 1402 1435 61:
1428 1405 1517 1435 ‘uos
1533 1413 1554 1435 o
1571 1402 1750 1446 patricius

220 1450 392 1492 sanguis’
521 1450 714 1482 292-294
739 1448 919 1481 ‘Carmen
948 1467 983 1471 —
1012 1450 1192 1491 unguem'
1217 1447 1373 1490 florileg.
1398 1447 1628 1482 Nostradam.

219 1497 285 1528 ‘395
311 1494 531 1537 florilegium
557 1494 741 1528 Cusanum
851 1495 916 1526 297
941 1504 995 1536 sq.
1021 1494 1145 1525 ‘Bona
1171 1503 1254 1535 pars
1278 1503 1422 1535 ungues
1447 1503 1518 1525 non
1543 1503 1680 1535 ponere
1704 1509 1749 1516 —

220 1541 323 1572 loca’
351 1540 504 1582 florileg.
532 1539 765 1572 Nostradam.
895 1541 962 1571 298
989 1542 1155 1571 ‘secreta
1178 1555 1222 1560 -—
1247 1538 1365 1570 uitat’
1391 1538 1543 1581 Pompei
1569 1547 1750 1571 commen-

219 1589 295 1618 tum
325 1584 413 1628 [uol.
440 1585 468 1616 V
495 1596 530 1628 p.
555 1586 619 1617 162
644 1582 758 1628 Keil]
853 1586 920 1617 298
945 1583 1098 1617 ‘balnea
1123 1584 1240 1615 uitat’
1267 1582 1417 1615 Seruius
1445 1581 1627 1627 [Sergius]
1653 1593 1747 1616 com-

219 1636 329 1664 ment.
355 1632 394 1663 in
418 1632 605 1663 Donatum
630 1641 665 1673 p.
691 1631 757 1663 431
785 1630 828 1665 K.

218 1746 349 1773 VARIA
378 1746 545 1773 LECTIO.

438 1794 454 1817 4
470 1791 500 1812 ut

335 1825 415 1863 288
449 1826 508 1861 Vol
532 1838 561 1867 φ
660 1831 841 1873 prctoxtas
864 1838 900 1873 γ,
924 1826 953 1861 C
972 1838 1008 1861 η.
1030 1827 1055 1861 l.
1154 1825 1289 1873 togatis
1320 1826 1356 1860 B
1380 1823 1410 1860 G
1497 1831 1576 1870 post
1606 1829 1748 1874 togatas

220 1894 364 1919 comma
391 1884 489 1928 ponit
514 1883 767 1919 Docdcrliuus
890 1882 969 1919 289
1003 1882 1178 1917 uirtutem
1196 1893 1219 1930 y
1324 1881 1461 1930 clarissp
1487 1882 1520 1917 B
1541 1881 1572 1919 C'
1597 1882 1749 1919 clarisue

220 1931 380 1982 celt.';'‘
469 1939 657 1987 potencius
688 1938 708 1974 λ
805 1938 887 1976 290
917 1937 992 1982 Qua
1015 1938 1052 1983 C,
1072 1938 1170 1985 fort.
1194 1941 1351 1975 euanuit
1369 1939 1511 1976 lineola
1601 1937 1702 1988 ligna
1723 1950 1749 1976 u

333 1995 461 2032 lacium
483 1996 504 2031 λ
523 2007 585 2042 pr.
695 1994 772 2032 291
808 2006 874 2031 uos
906 1991 946 2044 ο]
978 1999 1046 2031 sisu
1074 2009 1131 2026 =
1162 2005 1270 2031 uersu
1305 1995 1336 2029 B
1431 1994 1511 2031 292
1542 1994 1749 2043 reprendite

221 2052 250 2089 C
268 2051 305 2099 (v
326 2051 362 2099 σ)
391 2052 579 2100 rependite
611 2052 647 2087 B
676 2051 930 2100 reprehendite
961 2047 1061 2088 cett!
1079 2047 1131 2094 ς”
1160 2053 1250 2087 Aer.
1281 2054 1320 2088 in
1350 2054 1460 2088 textu
1491 2055 1605 2088 tract.
1639 2051 1747 2089 Vina.

216 2111 380 2157 floriley.
412 2109 658 2146 Nostradam.
688 2112 734 2154 «ff.
766 2108 913 2144 serm.l
946 2108 1022 2156 10,
1054 2107 1120 2144 52.
1152 2107 1206 2144 55
1323 2107 1404 2144 293
1434 2107 1595 2145 coercuit
1623 2102 1748 2151 ῼ’ς”
1816 2146 1818 2148 ,

216 2166 381 2213 florileg).
414 2166 657 2202 Nostradam.
689 2164 878 2198 cohercuit
907 2177 930 2200 α
1083 2163 1165 2201 294
1194 2162 1316 2212 §secto
1345 2164 1378 2199 Β
1408 2163 1618 2200 Presectum
1649 2164 1679 2202 0
1706 2167 1748 2201 ut

220 2223 297 2259 uid.
336 2221 573 2256 Praesectum
602 2233 628 2269 y
657 2217 721 2271 [V
753 2227 786 2256 ct
824 2222 890 2258 alt.
925 2222 1066 2257 Bland.
1107 2227 1139 2256 et
1164 2225 1260 2266 sort.
1292 2221 1460 2258 Gronou.
1485 2230 1517 2267 1,
1541 2221 1748 2268 probiores

219 2280 362 2327 aliquot
393 2278 525 2324 Statii,
565 2278 711 2314 Mureti
738 2288 839 2315 unus
874 2284 907 2312 et
948 2277 1161 2314 Vaticanus
1191 2279 1298 2324 apud
1324 2273 1565 2329 Lambinum]
1597 2277 1747 2314 Lambi-

219 2346 292 2372 uus
323 2335 450 2372 Bentl.
482 2333 684 2370 Perfectum
715 2330 889 2376 cett.';''
919 2335 1010 2370 Aer.
1046 2338 1203 2370 tractat.
1238 2334 1440 2371 Vindobon.
1470 2335 1635 2382 florileg).
1667 2333 1744 2371 No-

218 2393 429 2433 stradam.;
456 2392 546 2427 illud
564 2392 739 2438 plerique
760 2393 1019 2427 recentiorum
1038 2393 1288 2436 praetulerunt
1294 2406 1307 2432 ,-
1336 2396 1374 2425 at
1394 2391 1478 2428 Fea
1506 2391 1622 2426 docuit
1639 2403 1746 2437 prae·

218 2472 368 2507 cisorum
398 2471 578 2516 unguium
607 2471 643 2504 in
672 2471 739 2504 hac
768 2471 897 2506 ultima
925 2470 1081 2516 politura
1110 2471 1247 2505 nullum
1277 2482 1348 2504 esse
1376 2481 1479 2505 usum
1506 2449 1689 2516 Per'pectu
1717 2480 1746 2516 y

222 2523 289 2578 [π]
385 2526 529 2563 deciens
554 2526 588 2562 B
617 2526 736 2563 decies
767 2523 935 2571 cett.';'‘
953 2529 1116 2575 florileg.
1139 2526 1321 2565 Nostrad.
1425 2524 1506 2564 295
1537 2521 1640 2576 quia]
1662 2536 1689 2573 q
1709 2526 1747 2562 B

333 2596 397 2621 uu.
431 2582 670 2621 296-299
695 2585 971 2630 propemodum
1008 2588 1253 2620 euanuerunt
1283 2582 1313 2620 C
1431 2581 1512 2620 296
1543 2582 1682 2619 elicone
1711 2582 1750 2618 F
1798 2592 1811 2606 ·

218 2633 258 2676 λ’
276 2636 298 2675 ὃ
319 2653 343 2677 u
432 2639 511 2676 297
544 2639 677 2687 unguis
699 2640 736 2675 B
760 2639 818 2675 Cl
840 2635 879 2676 λ’
895 2637 919 2675 δ
941 2635 1028 2686 (πίῑ
1050 2652 1073 2675 α
1096 2652 1118 2676 ν
1138 2652 1163 2676 υ
1185 2646 1217 2674 et
1237 2638 1276 2688 β)
1309 2649 1449 2687 ungues
1474 2642 1562 2674 cett.
1586 2634 1626 2681 ς’
1655 2639 1742 2686 flor.

220 2696 400 2734 Nostrad.
504 2708 541 2733 u.
575 2695 656 2733 298
688 2698 792 2733 omis.
826 2709 850 2732 u
873 2707 897 2742 1,
923 2697 1009 2733 add.
1033 2708 1057 2732 u
1078 2707 1095 2733 2
1124 2698 1163 2732 in
1194 2708 1316 2743 marg).
1433 2693 1522 2731 298-
1544 2693 1669 2730 barbas
1692 2694 1744 2742 B,

222 2752 259 2789 C.
284 2766 321 2789 n.
343 2755 383 2799 l„
414 2765 496 2799 opp.
520 2754 634 2801 floril.
659 2752 787 2789 Nostr.
859 2749 987 2802 ,petit]
1021 2752 1120 2796 fugit
1147 2753 1349 2799 Pompeius
1426 2749 1506 2787 299
1529 2746 1646 2798 poium
1666 2750 1688 2787 λ

218 2814 327 2857 poete
347 2822 378 2856 φ
408 2813 518 2854 poeta
546 2809 829 2856 Peerlkampus
916 2808 999 2847 300
1028 2809 1186 2845 anticiris
1216 2820 1241 2845 u
1272 2806 1413 2855 aficyris
1433 2822 1489 2836 =
1510 2808 1688 2855 antecyris
1710 2807 1745 2843 B

220 2864 247 2912 (l
265 2864 344 2912 pr.)
376 2866 544 2913 anticyris
576 2870 664 2903 cell.
751 2876 934 2914 nunquam
966 2865 1002 2901 B
1023 2865 1053 2903 C
1070 2863 1118 2913 (et
1137 2861 1275 2913 Fran.)
1307 2873 1501 2911 numquam
1532 2857 1633 2901 cett.'
1648 2858 1688 2908 ς’
