<?xml version="1.0" encoding="UTF-8"?>
<!DOCTYPE html PUBLIC "-//W3C//DTD XHTML 1.0 Transitional//EN"
    "http://www.w3.org/TR/xhtml1/DTD/xhtml1-transitional.dtd">
<html xmlns="http://www.w3.org/1999/xhtml" xml:lang="en" lang="en">
 <head>
  <title>
</title>
<meta http-equiv="Content-Type" content="text/html;charset=utf-8" />
  <meta name='ocr-system' content='tesseract 3.04.00' />
  <meta name='ocr-capabilities' content='ocr_page ocr_carea ocr_par ocr_line ocrx_word'/>
</head>
<body>
  <div class='ocr_page' id='page_1' title='image "./operahor02horauoft_0182.png"; bbox 0 0 1820 3094; ppageno 0'>
   <div class='ocr_carea' id='block_1_1' title="bbox 170 130 1136 177">
    <p class='ocr_par' dir='ltr' id='par_1_1' title="bbox 170 130 1136 177">
     <span class='ocr_line' id='line_1_1' title="bbox 170 130 1136 177; baseline 0.002 -4"><span class='ocrx_word' id='word_1_1' title='bbox 170 130 252 174; x_wconf 86' lang='lat'><strong>170</strong></span> <span class='ocrx_word' id='word_1_2' title='bbox 723 147 882 175; x_wconf 73' lang='lat' dir='ltr'><strong>HoRA&#39;rl</strong></span> <span class='ocrx_word' id='word_1_3' title='bbox 912 148 1136 177; x_wconf 74' lang='lat' dir='ltr'><strong>smmonvm</strong></span> 
     </span>
    </p>
   </div>
   <div class='ocr_carea' id='block_1_2' title="bbox 273 258 1695 1053">
    <p class='ocr_par' dir='ltr' id='par_1_2' title="bbox 278 258 1695 534">
     <span class='ocr_line' id='line_1_2' title="bbox 280 258 1695 310; baseline 0.005 -13"><span class='ocrx_word' id='word_1_4' title='bbox 280 258 438 310; x_wconf 85' lang='lat' dir='ltr'><strong>quando</strong></span> <span class='ocrx_word' id='word_1_5' title='bbox 467 259 519 297; x_wconf 73' lang='lat' dir='ltr'><strong>ita</strong></span> <span class='ocrx_word' id='word_1_6' title='bbox 550 259 719 298; x_wconf 88' lang='lat' dir='ltr'><strong>maiores</strong></span> <span class='ocrx_word' id='word_1_7' title='bbox 750 258 979 305; x_wconf 84' lang='lat' dir='ltr'><strong>uoluerunt,</strong></span> <span class='ocrx_word' id='word_1_8' title='bbox 1011 265 1143 301; x_wconf 80' lang='lat' dir='ltr'><strong>utere:</strong></span> <span class='ocrx_word' id='word_1_9' title='bbox 1176 274 1308 303; x_wconf 87' lang='lat' dir='ltr'><strong>narra.</strong></span> <span class='ocrx_word' id='word_1_10' title='bbox 1673 269 1695 302; x_wconf 87' lang='grc'>5</span> 
     </span>
     <span class='ocr_line' id='line_1_3' title="bbox 280 331 1415 388; baseline 0.004 -17"><span class='ocrx_word' id='word_1_11' title='bbox 280 335 292 354; x_wconf 76' lang='lat'><em>‘</em></span> <span class='ocrx_word' id='word_1_12' title='bbox 303 344 395 384; x_wconf 89' lang='lat' dir='ltr'><strong>pars</strong></span> <span class='ocrx_word' id='word_1_13' title='bbox 426 331 632 371; x_wconf 88' lang='lat' dir='ltr'><strong>hominum</strong></span> <span class='ocrx_word' id='word_1_14' title='bbox 663 332 769 372; x_wconf 82' lang='lat' dir='ltr'><strong>uitiis</strong></span> <span class='ocrx_word' id='word_1_15' title='bbox 799 333 944 384; x_wconf 79' lang='lat' dir='ltr'><strong>gaudet</strong></span> <span class='ocrx_word' id='word_1_16' title='bbox 973 339 1202 375; x_wconf 79' lang='lat' dir='ltr'>constanter</span> <span class='ocrx_word' id='word_1_17' title='bbox 1234 341 1272 376; x_wconf 89' lang='lat' dir='ltr'><strong>et</strong></span> <span class='ocrx_word' id='word_1_18' title='bbox 1302 341 1415 388; x_wconf 79' lang='lat' dir='ltr'><strong>urget</strong></span> 
     </span>
     <span class='ocr_line' id='line_1_4' title="bbox 278 405 1531 463; baseline 0.006 -19"><span class='ocrx_word' id='word_1_19' title='bbox 278 406 545 458; x_wconf 79' lang='lat' dir='ltr'><strong>propositum;</strong></span> <span class='ocrx_word' id='word_1_20' title='bbox 576 417 669 458; x_wconf 90' lang='lat' dir='ltr'><strong>pars</strong></span> <span class='ocrx_word' id='word_1_21' title='bbox 700 405 822 447; x_wconf 83' lang='lat' dir='ltr'><strong>multa</strong></span> <span class='ocrx_word' id='word_1_22' title='bbox 852 412 978 454; x_wconf 75' lang='lat' dir='ltr'><strong>natat,</strong></span> <span class='ocrx_word' id='word_1_23' title='bbox 1010 408 1129 448; x_wconf 88' lang='lat' dir='ltr'><strong>modo</strong></span> <span class='ocrx_word' id='word_1_24' title='bbox 1160 413 1268 450; x_wconf 82' lang='lat' dir='ltr'><strong>recta</strong></span> <span class='ocrx_word' id='word_1_25' title='bbox 1299 422 1531 463; x_wconf 82' lang='lat' dir='ltr'><strong>capessens,</strong></span> 
     </span>
     <span class='ocr_line' id='line_1_5' title="bbox 278 479 1227 534; baseline 0.005 -16"><span class='ocrx_word' id='word_1_26' title='bbox 278 479 478 519; x_wconf 81' lang='lat' dir='ltr'><strong>interdum</strong></span> <span class='ocrx_word' id='word_1_27' title='bbox 509 479 645 531; x_wconf 85' lang='lat' dir='ltr'><strong>prauis&#39;</strong></span> <span class='ocrx_word' id='word_1_28' title='bbox 676 479 859 521; x_wconf 85' lang='lat' dir='ltr'><strong>obnoxia.</strong></span> <span class='ocrx_word' id='word_1_29' title='bbox 919 480 1039 534; x_wconf 81' lang='lat' dir='ltr'><strong>saepe</strong></span> <span class='ocrx_word' id='word_1_30' title='bbox 1069 488 1227 523; x_wconf 83' lang='lat' dir='ltr'><strong>notatus</strong></span> 
     </span>
    </p>

    <p class='ocr_par' dir='ltr' id='par_1_3' title="bbox 277 552 1340 601">
     <span class='ocr_line' id='line_1_6' title="bbox 277 552 1340 601; baseline 0.006 -10"><span class='ocrx_word' id='word_1_31' title='bbox 277 565 367 592; x_wconf 89' lang='lat' dir='ltr'><strong>cum</strong></span> <span class='ocrx_word' id='word_1_32' title='bbox 399 552 527 593; x_wconf 83' lang='lat' dir='ltr'><strong>tribus</strong></span> <span class='ocrx_word' id='word_1_33' title='bbox 557 553 717 601; x_wconf 89' lang='lat' dir='ltr'><strong>anellis,</strong></span> <span class='ocrx_word' id='word_1_34' title='bbox 750 554 868 594; x_wconf 92' lang='lat' dir='ltr'><strong>modo</strong></span> <span class='ocrx_word' id='word_1_35' title='bbox 898 554 1010 595; x_wconf 84' lang='lat' dir='ltr'><strong>laeua</strong></span> <span class='ocrx_word' id='word_1_36' title='bbox 1041 557 1202 597; x_wconf 85' lang='lat' dir='ltr'><strong>Priscus</strong></span> <span class='ocrx_word' id='word_1_37' title='bbox 1231 557 1340 597; x_wconf 88' lang='lat' dir='ltr'><strong>inani</strong></span> 
     </span>
    </p>

    <p class='ocr_par' dir='ltr' id='par_1_4' title="bbox 276 625 1695 754">
     <span class='ocr_line' id='line_1_7' title="bbox 279 625 1695 680; baseline 0.004 -14"><span class='ocrx_word' id='word_1_38' title='bbox 279 628 377 666; x_wconf 76' lang='lat' dir='ltr'><strong>uixit</strong></span> <span class='ocrx_word' id='word_1_39' title='bbox 405 627 643 680; x_wconf 85' lang='lat' dir='ltr'><strong>inaequalis,</strong></span> <span class='ocrx_word' id='word_1_40' title='bbox 678 625 866 668; x_wconf 71' lang='lat' dir='ltr'><strong>*clauom</strong></span> <span class='ocrx_word' id='word_1_41' title='bbox 897 634 940 669; x_wconf 83' lang='lat' dir='ltr'><strong>ut</strong></span> <span class='ocrx_word' id='word_1_42' title='bbox 971 634 1142 670; x_wconf 82' lang='lat' dir='ltr'><strong>mutaret</strong></span> <span class='ocrx_word' id='word_1_43' title='bbox 1171 632 1212 670; x_wconf 91' lang='lat' dir='ltr'><strong>in</strong></span> <span class='ocrx_word' id='word_1_44' title='bbox 1244 630 1374 679; x_wconf 88' lang='lat' dir='ltr'><strong>horas,</strong></span> <span class='ocrx_word' id='word_1_45' title='bbox 1652 639 1695 671; x_wconf 94' lang='grc'><strong>10</strong></span> 
     </span>
     <span class='ocr_line' id='line_1_8' title="bbox 276 700 1319 754; baseline 0.005 -14"><span class='ocrx_word' id='word_1_46' title='bbox 276 700 442 741; x_wconf 88' lang='lat' dir='ltr'><strong>aedibus</strong></span> <span class='ocrx_word' id='word_1_47' title='bbox 473 713 521 740; x_wconf 87' lang='lat' dir='ltr'><strong>ex</strong></span> <span class='ocrx_word' id='word_1_48' title='bbox 551 703 705 754; x_wconf 88' lang='lat' dir='ltr'><strong>magnis</strong></span> <span class='ocrx_word' id='word_1_49' title='bbox 736 702 866 742; x_wconf 82' lang='lat' dir='ltr'><strong>subito</strong></span> <span class='ocrx_word' id='word_1_50' title='bbox 897 716 940 743; x_wconf 93' lang='lat' dir='ltr'><strong>se</strong></span> <span class='ocrx_word' id='word_1_51' title='bbox 970 703 1180 751; x_wconf 84' lang='lat' dir='ltr'><strong>conderet,</strong></span> <span class='ocrx_word' id='word_1_52' title='bbox 1213 705 1319 745; x_wconf 88' lang='lat' dir='ltr'><strong>unde</strong></span> 
     </span>
    </p>

    <p class='ocr_par' dir='ltr' id='par_1_5' title="bbox 275 774 1166 824">
     <span class='ocr_line' id='line_1_9' title="bbox 275 774 1166 824; baseline 0.004 -10"><span class='ocrx_word' id='word_1_53' title='bbox 275 774 460 815; x_wconf 84' lang='lat' dir='ltr'>mundior</span> <span class='ocrx_word' id='word_1_54' title='bbox 490 776 616 815; x_wconf 79' lang='lat' dir='ltr'><strong>exiret</strong></span> <span class='ocrx_word' id='word_1_55' title='bbox 646 777 712 815; x_wconf 82' lang='lat' dir='ltr'><strong>uix</strong></span> <span class='ocrx_word' id='word_1_56' title='bbox 741 775 950 817; x_wconf 81' lang='lat' dir='ltr'><strong>libertinus</strong></span> <span class='ocrx_word' id='word_1_57' title='bbox 979 776 1166 824; x_wconf 80' lang='lat' dir='ltr'><strong>honeste,</strong></span> 
     </span>
    </p>

    <p class='ocr_par' dir='ltr' id='par_1_6' title="bbox 273 849 1408 897">
     <span class='ocr_line' id='line_1_10' title="bbox 273 849 1408 897; baseline 0.006 -10"><span class='ocrx_word' id='word_1_58' title='bbox 273 850 352 888; x_wconf 90' lang='lat' dir='ltr'><strong>iam</strong></span> <span class='ocrx_word' id='word_1_59' title='bbox 383 849 570 889; x_wconf 87' lang='lat' dir='ltr'><strong>moechus</strong></span> <span class='ocrx_word' id='word_1_60' title='bbox 600 850 767 897; x_wconf 88' lang='lat' dir='ltr'><strong>Romae,</strong></span> <span class='ocrx_word' id='word_1_61' title='bbox 797 852 876 890; x_wconf 87' lang='lat' dir='ltr'><strong>iam</strong></span> <span class='ocrx_word' id='word_1_62' title='bbox 906 850 1041 891; x_wconf 84' lang='lat' dir='ltr'><strong>mallet</strong></span> <span class='ocrx_word' id='word_1_63' title='bbox 1071 851 1211 892; x_wconf 80' lang='lat' dir='ltr'><strong>doctus</strong></span> <span class='ocrx_word' id='word_1_64' title='bbox 1242 853 1408 894; x_wconf 80' lang='lat' dir='ltr'><strong>Athenis</strong></span> 
     </span>
    </p>

    <p class='ocr_par' dir='ltr' id='par_1_7' title="bbox 274 922 1383 978">
     <span class='ocr_line' id='line_1_11' title="bbox 274 922 1383 978; baseline 0.005 -17"><span class='ocrx_word' id='word_1_65' title='bbox 274 922 429 969; x_wconf 85' lang='lat' dir='ltr'><strong>uiuere,</strong></span> <span class='ocrx_word' id='word_1_66' title='bbox 463 923 692 964; x_wconf 81' lang='lat' dir='ltr'><strong>Vertumnis</strong></span> <span class='ocrx_word' id='word_1_67' title='bbox 724 929 916 976; x_wconf 84' lang='lat' dir='ltr'>quotquot</span> <span class='ocrx_word' id='word_1_68' title='bbox 945 929 1037 964; x_wconf 86' lang='lat' dir='ltr'><strong>sunt</strong></span> <span class='ocrx_word' id='word_1_69' title='bbox 1066 930 1181 965; x_wconf 81' lang='lat' dir='ltr'><strong>natus</strong></span> <span class='ocrx_word' id='word_1_70' title='bbox 1210 926 1383 978; x_wconf 53' lang='lat' dir='ltr'><strong>iniquis(</strong></span> 
     </span>
    </p>

    <p class='ocr_par' dir='ltr' id='par_1_8' title="bbox 273 993 1692 1053">
     <span class='ocr_line' id='line_1_12' title="bbox 273 993 1692 1053; baseline 0.004 -17"><span class='ocrx_word' id='word_1_71' title='bbox 273 993 413 1036; x_wconf 78' lang='lat' dir='ltr'><strong>seui-ra</strong></span> <span class='ocrx_word' id='word_1_72' title='bbox 444 996 695 1044; x_wconf 88' lang='lat' dir='ltr'><strong>Volanerius,</strong></span> <span class='ocrx_word' id='word_1_73' title='bbox 727 1003 937 1050; x_wconf 78' lang='lat' dir='ltr'><strong>postquam</strong></span> <span class='ocrx_word' id='word_1_74' title='bbox 967 997 1023 1038; x_wconf 91' lang='lat' dir='ltr'><strong>illi</strong></span> <span class='ocrx_word' id='word_1_75' title='bbox 1052 1000 1156 1039; x_wconf 84' lang='lat' dir='ltr'><strong>iusta</strong></span> <span class='ocrx_word' id='word_1_76' title='bbox 1187 998 1378 1053; x_wconf 83' lang='lat' dir='ltr'><strong>cheragra</strong></span> <span class='ocrx_word' id='word_1_77' title='bbox 1649 1008 1692 1040; x_wconf 83' lang='lat'><strong>15</strong></span> 
     </span>
    </p>
   </div>
   <div class='ocr_carea' id='block_1_3' title="bbox 159 1098 430 1104">
    <p class='ocr_par' dir='ltr' id='par_1_9' title="bbox 159 1098 430 1104">
     <span class='ocr_line' id='line_1_13' title="bbox 159 1098 430 1104; baseline 0 0"><span class='ocrx_word' id='word_1_78' title='bbox 159 1098 430 1104; x_wconf 95' lang='lat' dir='ltr'><strong> </strong></span> 
     </span>
    </p>
   </div>
   <div class='ocr_carea' id='block_1_4' title="bbox 157 1163 427 1191">
    <p class='ocr_par' dir='ltr' id='par_1_10' title="bbox 157 1163 427 1191">
     <span class='ocr_line' id='line_1_14' title="bbox 157 1163 427 1191; baseline -0.007 -1"><span class='ocrx_word' id='word_1_79' title='bbox 157 1163 427 1191; x_wconf 84' lang='lat' dir='ltr'><strong>TESTIMONIA.</strong></span> 
     </span>
    </p>
   </div>
   <div class='ocr_carea' id='block_1_5' title="bbox 156 1228 1691 1322">
    <p class='ocr_par' dir='ltr' id='par_1_11' title="bbox 156 1228 1691 1322">
     <span class='ocr_line' id='line_1_15' title="bbox 156 1228 1691 1278; baseline 0.005 -17"><span class='ocrx_word' id='word_1_80' title='bbox 156 1228 284 1262; x_wconf 86' lang='lat' dir='ltr'><strong>Ioann.</strong></span> <span class='ocrx_word' id='word_1_81' title='bbox 318 1229 509 1264; x_wconf 82' lang='lat' dir='ltr'><strong>Saresber.</strong></span> <span class='ocrx_word' id='word_1_82' title='bbox 541 1228 669 1271; x_wconf 88' lang='lat' dir='ltr'><strong>policr.</strong></span> <span class='ocrx_word' id='word_1_83' title='bbox 694 1230 759 1263; x_wconf 93' lang='lat' dir='ltr'><strong>lib.</strong></span> <span class='ocrx_word' id='word_1_84' title='bbox 789 1231 807 1263; x_wconf 94' lang='lat' dir='ltr'>I</span> <span class='ocrx_word' id='word_1_85' title='bbox 836 1230 926 1273; x_wconf 86' lang='lat' dir='ltr'><strong>prol</strong></span> <span class='ocrx_word' id='word_1_86' title='bbox 954 1228 1027 1274; x_wconf 88' lang='lat' dir='ltr'>[III</span> <span class='ocrx_word' id='word_1_87' title='bbox 1057 1232 1099 1263; x_wconf 90' lang='lat'><strong>14</strong></span> <span class='ocrx_word' id='word_1_88' title='bbox 1129 1230 1267 1275; x_wconf 84' lang='lat' dir='ltr'><strong>Giles].</strong></span> <span class='ocrx_word' id='word_1_89' title='bbox 1306 1233 1381 1265; x_wconf 87' lang='lat' dir='ltr'><strong>‘sic</strong></span> <span class='ocrx_word' id='word_1_90' title='bbox 1413 1233 1498 1267; x_wconf 86' lang='lat' dir='ltr'><strong>dum</strong></span> <span class='ocrx_word' id='word_1_91' title='bbox 1528 1234 1691 1278; x_wconf 80' lang='lat' dir='ltr'><strong>corrigat</strong></span> 
     </span>
     <span class='ocr_line' id='line_1_16' title="bbox 157 1275 1538 1322; baseline 0.004 -16"><span class='ocrx_word' id='word_1_92' title='bbox 157 1275 352 1315; x_wconf 83' lang='lat' dir='ltr'><strong>Horatius,</strong></span> <span class='ocrx_word' id='word_1_93' title='bbox 379 1275 491 1307; x_wconf 82' lang='lat' dir='ltr'><strong>etiam</strong></span> <span class='ocrx_word' id='word_1_94' title='bbox 517 1275 651 1316; x_wconf 86' lang='lat' dir='ltr'><strong>seruis,</strong></span> <span class='ocrx_word' id='word_1_95' title='bbox 677 1278 719 1307; x_wconf 83' lang='lat' dir='ltr'><strong>ut</strong></span> <span class='ocrx_word' id='word_1_96' title='bbox 743 1275 930 1309; x_wconf 83' lang='lat' dir='ltr'><strong>decembri</strong></span> <span class='ocrx_word' id='word_1_97' title='bbox 955 1276 1128 1310; x_wconf 79' lang='lat' dir='ltr'><strong>libertate</strong></span> <span class='ocrx_word' id='word_1_98' title='bbox 1154 1279 1325 1319; x_wconf 60' lang='lat' dir='ltr'><strong>utamur,</strong></span> <span class='ocrx_word' id='word_1_99' title='bbox 1352 1277 1538 1322; x_wconf 79' lang='lat' dir='ltr'><strong>indulget’</strong></span> 
     </span>
    </p>
   </div>
   <div class='ocr_carea' id='block_1_6' title="bbox 160 1439 429 1445">
    <p class='ocr_par' dir='ltr' id='par_1_12' title="bbox 160 1439 429 1445">
     <span class='ocr_line' id='line_1_17' title="bbox 160 1439 429 1445; baseline 0 0"><span class='ocrx_word' id='word_1_100' title='bbox 160 1439 429 1445; x_wconf 95' lang='lat' dir='ltr'><strong> </strong></span> 
     </span>
    </p>
   </div>
   <div class='ocr_carea' id='block_1_7' title="bbox 156 1302 1691 1624">
    <p class='ocr_par' dir='ltr' id='par_1_13' title="bbox 156 1302 1691 1399">
     <span class='ocr_line' id='line_1_18' title="bbox 157 1302 1691 1366; baseline 0.005 -14"><span class='ocrx_word' id='word_1_101' title='bbox 157 1321 295 1353; x_wconf 78' lang='lat'><strong>6—8‘</strong></span> <span class='ocrx_word' id='word_1_102' title='bbox 306 1330 393 1363; x_wconf 85' lang='lat' dir='ltr'><strong>pars</strong></span> <span class='ocrx_word' id='word_1_103' title='bbox 417 1338 461 1343; x_wconf 88' lang='lat'><strong>—-</strong></span> <span class='ocrx_word' id='word_1_104' title='bbox 485 1320 665 1354; x_wconf 80' lang='lat' dir='ltr'><strong>obnoxia’</strong></span> <span class='ocrx_word' id='word_1_105' title='bbox 691 1320 902 1355; x_wconf 80' lang='lat' dir='ltr'><strong>Hildebert.</strong></span> <span class='ocrx_word' id='word_1_106' title='bbox 932 1322 1057 1355; x_wconf 87' lang='lat' dir='ltr'><strong>moral.</strong></span> <span class='ocrx_word' id='word_1_107' title='bbox 1080 1322 1212 1366; x_wconf 90' lang='lat' dir='ltr'><strong>philos.</strong></span> <span class='ocrx_word' id='word_1_108' title='bbox 1241 1333 1277 1366; x_wconf 87' lang='lat' dir='ltr'><strong>p.</strong></span> <span class='ocrx_word' id='word_1_109' title='bbox 1299 1302 1366 1357; x_wconf 77' lang='lat'><strong>9’79</strong></span> <span class='ocrx_word' id='word_1_110' title='bbox 1505 1326 1548 1358; x_wconf 85' lang='lat'><strong>14</strong></span> <span class='ocrx_word' id='word_1_111' title='bbox 1575 1324 1691 1359; x_wconf 80' lang='lat' dir='ltr'><strong>Prisc.</strong></span> 
     </span>
     <span class='ocr_line' id='line_1_19' title="bbox 156 1365 390 1407; baseline 0.004 -9"><span class='ocrx_word' id='word_1_112' title='bbox 156 1365 262 1399; x_wconf 89' lang='lat' dir='ltr'><strong>XVII</strong></span> <span class='ocrx_word' id='word_1_113' title='bbox 287 1367 320 1407; x_wconf 86' lang='lat'><strong>7,</strong></span> <span class='ocrx_word' id='word_1_114' title='bbox 345 1366 390 1399; x_wconf 84' lang='lat'><strong>45</strong></span> 
     </span>
    </p>

    <p class='ocr_par' dir='ltr' id='par_1_14' title="bbox 157 1509 479 1538">
     <span class='ocr_line' id='line_1_20' title="bbox 157 1509 479 1538; baseline -0.006 -1"><span class='ocrx_word' id='word_1_115' title='bbox 157 1510 286 1538; x_wconf 78' lang='lat' dir='ltr'>VARIA</span> <span class='ocrx_word' id='word_1_116' title='bbox 314 1509 479 1537; x_wconf 74' lang='lat' dir='ltr'><strong>an&#39;rlo.</strong></span> 
     </span>
    </p>

    <p class='ocr_par' dir='ltr' id='par_1_15' title="bbox 156 1566 1686 1624">
     <span class='ocr_line' id='line_1_21' title="bbox 156 1566 1686 1624; baseline 0.007 -25"><span class='ocrx_word' id='word_1_117' title='bbox 156 1568 192 1601; x_wconf 88' lang='lat' dir='ltr'><strong>id</strong></span> <span class='ocrx_word' id='word_1_118' title='bbox 230 1566 301 1600; x_wconf 78' lang='lat' dir='ltr'><strong>tale</strong></span> <span class='ocrx_word' id='word_1_119' title='bbox 340 1567 496 1603; x_wconf 81' lang='lat' dir='ltr'><strong>Bestius</strong></span> <span class='ocrx_word' id='word_1_120' title='bbox 533 1579 597 1614; x_wconf 83' lang='lat' dir='ltr'><strong>ap.</strong></span> <span class='ocrx_word' id='word_1_121' title='bbox 638 1569 758 1605; x_wconf 81' lang='lat' dir='ltr'><strong>Feam</strong></span> <span class='ocrx_word' id='word_1_122' title='bbox 805 1569 855 1602; x_wconf 87' lang='lat' dir='ltr'><strong>nil</strong></span> <span class='ocrx_word' id='word_1_123' title='bbox 899 1568 972 1603; x_wconf 85' lang='lat' dir='ltr'><strong>tale</strong></span> <span class='ocrx_word' id='word_1_124' title='bbox 1011 1569 1250 1618; x_wconf 69' lang='lat' dir='ltr'><strong>Gundlmyus</strong></span> <span class='ocrx_word' id='word_1_125' title='bbox 1407 1571 1515 1608; x_wconf 79' lang='lat' dir='ltr'><strong>uitale</strong></span> <span class='ocrx_word' id='word_1_126' title='bbox 1557 1570 1686 1624; x_wconf 80' lang='lat' dir='ltr'><strong>putes]</strong></span> 
     </span>
    </p>
   </div>
   <div class='ocr_carea' id='block_1_8' title="bbox 155 1623 1688 1836">
    <p class='ocr_par' dir='ltr' id='par_1_16' title="bbox 157 1623 1688 1674">
     <span class='ocr_line' id='line_1_22' title="bbox 157 1623 1688 1674; baseline 0.005 -17"><span class='ocrx_word' id='word_1_127' title='bbox 157 1624 234 1658; x_wconf 86' lang='lat' dir='ltr'><strong>uita</strong></span> <span class='ocrx_word' id='word_1_128' title='bbox 272 1628 423 1668; x_wconf 82' lang='lat' dir='ltr'><strong>reputes</strong></span> <span class='ocrx_word' id='word_1_129' title='bbox 463 1624 763 1673; x_wconf 72' lang='lat' dir='ltr'><strong>Canneqieterus</strong></span> <span class='ocrx_word' id='word_1_130' title='bbox 899 1623 965 1660; x_wconf 85' lang='lat' dir='ltr'><strong>ut</strong></span> <span class='ocrx_word' id='word_1_131' title='bbox 1003 1626 1114 1659; x_wconf 81' lang='lat' dir='ltr'><strong>uitale</strong></span> <span class='ocrx_word' id='word_1_132' title='bbox 1151 1628 1277 1672; x_wconf 82' lang='lat' dir='ltr'><strong>putes]</strong></span> <span class='ocrx_word' id='word_1_133' title='bbox 1311 1627 1392 1661; x_wconf 83' lang='lat' dir='ltr'><strong>ideo</strong></span> <span class='ocrx_word' id='word_1_134' title='bbox 1423 1628 1490 1662; x_wconf 91' lang='lat' dir='ltr'><strong>hoc</strong></span> <span class='ocrx_word' id='word_1_135' title='bbox 1520 1628 1572 1662; x_wconf 73' lang='lat' dir='ltr'><strong>ait</strong></span> <span class='ocrx_word' id='word_1_136' title='bbox 1601 1630 1688 1674; x_wconf 87' lang='lat' dir='ltr'><strong>quia</strong></span> 
     </span>
    </p>

    <p class='ocr_par' dir='ltr' id='par_1_17' title="bbox 155 1679 1688 1732">
     <span class='ocr_line' id='line_1_23' title="bbox 155 1679 1688 1732; baseline 0.002 -17"><span class='ocrx_word' id='word_1_137' title='bbox 155 1682 268 1715; x_wconf 83' lang='lat' dir='ltr'><strong>ferme</strong></span> <span class='ocrx_word' id='word_1_138' title='bbox 311 1680 420 1714; x_wconf 82' lang='lat' dir='ltr'><strong>citius</strong></span> <span class='ocrx_word' id='word_1_139' title='bbox 466 1681 672 1715; x_wconf 80' lang='lat' dir='ltr'><strong>moriuntur</strong></span> <span class='ocrx_word' id='word_1_140' title='bbox 714 1682 815 1716; x_wconf 85' lang='lat' dir='ltr'><strong>serui</strong></span> <span class='ocrx_word' id='word_1_141' title='bbox 859 1683 923 1727; x_wconf 84' lang='lat' dir='ltr'><strong>qui</strong></span> <span class='ocrx_word' id='word_1_142' title='bbox 967 1683 1067 1727; x_wconf 87' lang='lat' dir='ltr'><strong>frugi</strong></span> <span class='ocrx_word' id='word_1_143' title='bbox 1112 1682 1223 1716; x_wconf 81' lang='lat' dir='ltr'><strong>sunt&#39;</strong></span> <span class='ocrx_word' id='word_1_144' title='bbox 1263 1679 1378 1732; x_wconf 75' lang='lat' dir='ltr'><strong>Pph!</strong></span> <span class='ocrx_word' id='word_1_145' title='bbox 1413 1681 1573 1732; x_wconf 76' lang='lat' dir='ltr'><strong>Porph&#39;</strong></span> <span class='ocrx_word' id='word_1_146' title='bbox 1615 1684 1688 1720; x_wconf 71' lang='lat' dir='ltr'><strong>‘Vt</strong></span> 
     </span>
    </p>

    <p class='ocr_par' dir='ltr' id='par_1_18' title="bbox 157 1733 1686 1836">
     <span class='ocr_line' id='line_1_24' title="bbox 157 1733 1686 1786; baseline 0.004 -15"><span class='ocrx_word' id='word_1_147' title='bbox 157 1737 268 1772; x_wconf 79' lang='lat' dir='ltr'><strong>uitale</strong></span> <span class='ocrx_word' id='word_1_148' title='bbox 298 1733 361 1786; x_wconf 69' lang='lat' dir='ltr'><strong>pt]</strong></span> <span class='ocrx_word' id='word_1_149' title='bbox 396 1763 405 1771; x_wconf 91' lang='lat'>.</span> <span class='ocrx_word' id='word_1_150' title='bbox 439 1763 447 1771; x_wconf 96' lang='lat'>.</span> <span class='ocrx_word' id='word_1_151' title='bbox 481 1763 490 1771; x_wconf 86' lang='lat'><strong>.</strong></span> <span class='ocrx_word' id='word_1_152' title='bbox 522 1737 560 1771; x_wconf 89' lang='lat' dir='ltr'><strong>id</strong></span> <span class='ocrx_word' id='word_1_153' title='bbox 590 1742 648 1772; x_wconf 79' lang='lat' dir='ltr'><strong>est</strong></span> <span class='ocrx_word' id='word_1_154' title='bbox 678 1743 748 1772; x_wconf 78' lang='lat' dir='ltr'><strong>tam</strong></span> <span class='ocrx_word' id='word_1_155' title='bbox 779 1739 880 1783; x_wconf 86' lang='lat' dir='ltr'><strong>frugi</strong></span> <span class='ocrx_word' id='word_1_156' title='bbox 911 1743 987 1783; x_wconf 83' lang='lat' dir='ltr'><strong>est,</strong></span> <span class='ocrx_word' id='word_1_157' title='bbox 1028 1743 1070 1773; x_wconf 79' lang='lat' dir='ltr'><strong>ut</strong></span> <span class='ocrx_word' id='word_1_158' title='bbox 1108 1750 1188 1773; x_wconf 90' lang='lat' dir='ltr'><strong>eum</strong></span> <span class='ocrx_word' id='word_1_159' title='bbox 1227 1744 1330 1785; x_wconf 77' lang='lat' dir='ltr'><strong>optet</strong></span> <span class='ocrx_word' id='word_1_160' title='bbox 1358 1741 1526 1776; x_wconf 78' lang='lat' dir='ltr'><strong>dominus</strong></span> <span class='ocrx_word' id='word_1_161' title='bbox 1557 1741 1686 1778; x_wconf 79' lang='lat' dir='ltr'><strong>uiuere</strong></span> 
     </span>
     <span class='ocr_line' id='line_1_25' title="bbox 207 1793 1515 1836; baseline 0.005 -8"><span class='ocrx_word' id='word_1_162' title='bbox 207 1819 216 1828; x_wconf 95' lang='lat'><strong><em>.</em></strong></span> <span class='ocrx_word' id='word_1_163' title='bbox 257 1822 267 1831; x_wconf 85' lang='lat'><strong>.</strong></span> <span class='ocrx_word' id='word_1_164' title='bbox 309 1793 392 1828; x_wconf 84' lang='lat' dir='ltr'><strong>talis</strong></span> <span class='ocrx_word' id='word_1_165' title='bbox 429 1805 564 1828; x_wconf 85' lang='lat' dir='ltr'><strong>seruus</strong></span> <span class='ocrx_word' id='word_1_166' title='bbox 604 1807 644 1828; x_wconf 87' lang='lat' dir='ltr'><strong>es</strong></span> <span class='ocrx_word' id='word_1_167' title='bbox 683 1800 724 1829; x_wconf 74' lang='lat' dir='ltr'><strong>ut</strong></span> <span class='ocrx_word' id='word_1_168' title='bbox 763 1795 868 1830; x_wconf 87' lang='lat' dir='ltr'><strong>uelim</strong></span> <span class='ocrx_word' id='word_1_169' title='bbox 907 1800 944 1830; x_wconf 85' lang='lat' dir='ltr'><strong>te</strong></span> <span class='ocrx_word' id='word_1_170' title='bbox 984 1795 1130 1830; x_wconf 85' lang='lat' dir='ltr'><strong>uitalem</strong></span> <span class='ocrx_word' id='word_1_171' title='bbox 1169 1797 1276 1831; x_wconf 83' lang='lat' dir='ltr'><strong>esse&#39;</strong></span> <span class='ocrx_word' id='word_1_172' title='bbox 1314 1798 1384 1835; x_wconf 84' lang='lat' dir='ltr'><strong>Ac.</strong></span> <span class='ocrx_word' id='word_1_173' title='bbox 1422 1799 1515 1836; x_wconf 87' lang='lat' dir='ltr'><strong>Acr.</strong></span> 
     </span>
    </p>
   </div>
   <div class='ocr_carea' id='block_1_9' title="bbox 154 1874 1687 1988">
    <p class='ocr_par' dir='ltr' id='par_1_19' title="bbox 154 1874 1687 1988">
     <span class='ocr_line' id='line_1_26' title="bbox 155 1874 1687 1928; baseline 0.003 -17"><span class='ocrx_word' id='word_1_174' title='bbox 155 1874 179 1911; x_wconf 90' lang='lat'>6</span> <span class='ocrx_word' id='word_1_175' title='bbox 211 1874 312 1910; x_wconf 88' lang='lat' dir='ltr'><strong>uiciis</strong></span> <span class='ocrx_word' id='word_1_176' title='bbox 344 1874 382 1910; x_wconf 98' lang='grc' dir='ltr'><em>Ε</em></span> <span class='ocrx_word' id='word_1_177' title='bbox 404 1885 422 1910; x_wconf 83' lang='grc' dir='ltr'><em>ε</em></span> <span class='ocrx_word' id='word_1_178' title='bbox 540 1874 563 1911; x_wconf 85' lang='grc'>7</span> <span class='ocrx_word' id='word_1_179' title='bbox 595 1885 787 1923; x_wconf 83' lang='lat' dir='ltr'><strong>capescens</strong></span> <span class='ocrx_word' id='word_1_180' title='bbox 820 1876 857 1912; x_wconf 89' lang='lat' dir='ltr'><em>E</em></span> <span class='ocrx_word' id='word_1_181' title='bbox 881 1888 905 1925; x_wconf 82' lang='grc' dir='ltr'><em>γ</em></span> <span class='ocrx_word' id='word_1_182' title='bbox 932 1874 1005 1923; x_wconf 83' lang='grc' dir='ltr'><strong>(αἱ</strong></span> <span class='ocrx_word' id='word_1_183' title='bbox 1028 1886 1040 1912; x_wconf 98' lang='grc'><strong>1</strong></span> <span class='ocrx_word' id='word_1_184' title='bbox 1062 1886 1117 1912; x_wconf 88' lang='lat' dir='ltr'><strong>r1</strong></span> <span class='ocrx_word' id='word_1_185' title='bbox 1147 1882 1181 1911; x_wconf 83' lang='lat' dir='ltr'><strong>et</strong></span> <span class='ocrx_word' id='word_1_186' title='bbox 1209 1876 1349 1924; x_wconf 85' lang='lat' dir='ltr'><strong>Fran.)</strong></span> <span class='ocrx_word' id='word_1_187' title='bbox 1375 1889 1403 1925; x_wconf 78' lang='lat' dir='ltr'><strong><em>y</em></strong></span> <span class='ocrx_word' id='word_1_188' title='bbox 1442 1889 1639 1928; x_wconf 83' lang='lat' dir='ltr'><strong>capessens</strong></span> <span class='ocrx_word' id='word_1_189' title='bbox 1661 1892 1687 1916; x_wconf 88' lang='grc' dir='ltr'><strong><em>ν</em></strong></span> 
     </span>
     <span class='ocr_line' id='line_1_27' title="bbox 154 1925 1683 1988; baseline 0.005 -22"><span class='ocrx_word' id='word_1_190' title='bbox 154 1942 344 1979; x_wconf 86' lang='lat' dir='ltr'><strong>capessens</strong></span> <span class='ocrx_word' id='word_1_191' title='bbox 367 1934 454 1967; x_wconf 82' lang='lat' dir='ltr'><strong>cett.</strong></span> <span class='ocrx_word' id='word_1_192' title='bbox 478 1929 550 1980; x_wconf 74' lang='lat'><strong>(⁶9</strong></span> <span class='ocrx_word' id='word_1_193' title='bbox 568 1942 621 1968; x_wconf 83' lang='lat' dir='ltr'><strong>r2</strong></span> <span class='ocrx_word' id='word_1_194' title='bbox 637 1939 669 1967; x_wconf 80' lang='lat' dir='ltr'><strong>et</strong></span> <span class='ocrx_word' id='word_1_195' title='bbox 684 1930 723 1981; x_wconf 89' lang='grc' dir='ltr'><strong>β)</strong></span> <span class='ocrx_word' id='word_1_196' title='bbox 805 1938 911 1981; x_wconf 80' lang='lat' dir='ltr'><strong>urget</strong></span> <span class='ocrx_word' id='word_1_197' title='bbox 932 1928 993 1968; x_wconf 56' lang='grc' dir='ltr'><strong>ΩΧ</strong></span> <span class='ocrx_word' id='word_1_198' title='bbox 1009 1941 1035 1976; x_wconf 87' lang='grc' dir='ltr'><strong><em>ς</em></strong></span> <span class='ocrx_word' id='word_1_199' title='bbox 1043 1925 1107 1980; x_wconf 86' lang='grc' dir='ltr'><strong>(α</strong></span> <span class='ocrx_word' id='word_1_200' title='bbox 1124 1946 1161 1970; x_wconf 82' lang='grc' dir='ltr'><strong>η.</strong></span> <span class='ocrx_word' id='word_1_201' title='bbox 1180 1932 1221 1981; x_wconf 85' lang='lat' dir='ltr'><strong>l.)</strong></span> <span class='ocrx_word' id='word_1_202' title='bbox 1244 1939 1379 1979; x_wconf 78' lang='lat' dir='ltr'><strong>urguet</strong></span> <span class='ocrx_word' id='word_1_203' title='bbox 1397 1946 1422 1982; x_wconf 81' lang='lat'><em>9</em></span> <span class='ocrx_word' id='word_1_204' title='bbox 1494 1935 1519 1973; x_wconf 89' lang='lat'>8</span> <span class='ocrx_word' id='word_1_205' title='bbox 1539 1933 1683 1988; x_wconf 87' lang='lat' dir='ltr'><strong>prauis]</strong></span> 
     </span>
    </p>
   </div>
   <div class='ocr_carea' id='block_1_10' title="bbox 153 1993 1684 2121">
    <p class='ocr_par' dir='ltr' id='par_1_20' title="bbox 153 1993 1684 2121">
     <span class='ocr_line' id='line_1_28' title="bbox 153 1993 1684 2064; baseline 0.005 -18"><span class='ocrx_word' id='word_1_206' title='bbox 153 2011 274 2058; x_wconf 84' lang='lat' dir='ltr'><strong>paruis</strong></span> <span class='ocrx_word' id='word_1_207' title='bbox 306 2011 345 2046; x_wconf 90' lang='grc' dir='ltr'><em>Ε</em></span> <span class='ocrx_word' id='word_1_208' title='bbox 371 2023 454 2056; x_wconf 83' lang='lat' dir='ltr'><strong>opp.</strong></span> <span class='ocrx_word' id='word_1_209' title='bbox 486 2011 702 2049; x_wconf 80' lang='lat' dir='ltr'><strong>Hildebert.</strong></span> <span class='ocrx_word' id='word_1_210' title='bbox 820 2008 992 2062; x_wconf 81' lang='lat' dir='ltr'><strong>obnoxia]</strong></span> <span class='ocrx_word' id='word_1_211' title='bbox 1026 1993 1166 2049; x_wconf 69' lang='lat' dir='ltr'><strong>obnox¹a</strong></span> <span class='ocrx_word' id='word_1_212' title='bbox 1197 2019 1231 2060; x_wconf 88' lang='grc' dir='ltr'>ψ</span> <span class='ocrx_word' id='word_1_213' title='bbox 1262 2012 1421 2050; x_wconf 74' lang='lat' dir='ltr'><strong>obnoxza</strong></span> <span class='ocrx_word' id='word_1_214' title='bbox 1451 2027 1483 2061; x_wconf 86' lang='grc' dir='ltr'><strong><em>φ</em></strong></span> <span class='ocrx_word' id='word_1_215' title='bbox 1598 2026 1684 2064; x_wconf 85' lang='lat' dir='ltr'><strong>sepe</strong></span> 
     </span>
     <span class='ocr_line' id='line_1_29' title="bbox 154 2066 1683 2121; baseline 0.003 -18"><span class='ocrx_word' id='word_1_216' title='bbox 154 2068 231 2118; x_wconf 78' lang='grc' dir='ltr'><strong>Εγ</strong></span> <span class='ocrx_word' id='word_1_217' title='bbox 251 2079 268 2103; x_wconf 82' lang='grc' dir='ltr'><em>ε</em></span> <span class='ocrx_word' id='word_1_218' title='bbox 366 2067 389 2104; x_wconf 88' lang='grc'><strong>9</strong></span> <span class='ocrx_word' id='word_1_219' title='bbox 421 2066 523 2103; x_wconf 79' lang='lat' dir='ltr'><strong>laeua</strong></span> <span class='ocrx_word' id='word_1_220' title='bbox 554 2068 628 2104; x_wconf 63' lang='lat' dir='ltr'><strong>Fa</strong></span> <span class='ocrx_word' id='word_1_221' title='bbox 648 2080 665 2104; x_wconf 84' lang='grc' dir='ltr'><em>ε</em></span> <span class='ocrx_word' id='word_1_222' title='bbox 694 2069 733 2115; x_wconf 87' lang='grc' dir='ltr'><strong>(α</strong></span> <span class='ocrx_word' id='word_1_223' title='bbox 756 2067 838 2115; x_wconf 79' lang='lat' dir='ltr'><strong>pr.)</strong></span> <span class='ocrx_word' id='word_1_224' title='bbox 869 2068 949 2105; x_wconf 85' lang='lat' dir='ltr'><strong>leua</strong></span> <span class='ocrx_word' id='word_1_225' title='bbox 980 2070 1058 2118; x_wconf 79' lang='grc' dir='ltr'><strong>Εγ</strong></span> <span class='ocrx_word' id='word_1_226' title='bbox 1081 2066 1119 2113; x_wconf 84' lang='grc' dir='ltr'><strong>ς’</strong></span> <span class='ocrx_word' id='word_1_227' title='bbox 1219 2069 1272 2107; x_wconf 91' lang='grc'><strong>10</strong></span> <span class='ocrx_word' id='word_1_228' title='bbox 1300 2071 1478 2118; x_wconf 85' lang='lat' dir='ltr'><strong>inequalis</strong></span> <span class='ocrx_word' id='word_1_229' title='bbox 1507 2084 1532 2121; x_wconf 79' lang='lat' dir='ltr'><em>y</em></span> <span class='ocrx_word' id='word_1_230' title='bbox 1554 2070 1575 2108; x_wconf 81' lang='grc' dir='ltr'><em>λ</em></span> <span class='ocrx_word' id='word_1_231' title='bbox 1604 2072 1683 2108; x_wconf 82' lang='lat' dir='ltr'><strong>ine—</strong></span> 
     </span>
    </p>
   </div>
   <div class='ocr_carea' id='block_1_11' title="bbox 96 2127 1682 2425">
    <p class='ocr_par' dir='ltr' id='par_1_21' title="bbox 96 2127 1682 2425">
     <span class='ocr_line' id='line_1_30' title="bbox 153 2127 1682 2202; baseline 0.006 -23"><span class='ocrx_word' id='word_1_232' title='bbox 153 2127 281 2195; x_wconf 57' lang='lat' dir='ltr'><strong>qual}s</strong></span> <span class='ocrx_word' id='word_1_233' title='bbox 309 2158 334 2194; x_wconf 80' lang='lat'><strong><em>9</em></strong></span> <span class='ocrx_word' id='word_1_234' title='bbox 440 2146 580 2182; x_wconf 86' lang='lat' dir='ltr'><strong>clauum</strong></span> <span class='ocrx_word' id='word_1_235' title='bbox 611 2143 674 2183; x_wconf 57' lang='grc' dir='ltr'><strong>,ΩΧ</strong></span> <span class='ocrx_word' id='word_1_236' title='bbox 692 2143 730 2191; x_wconf 86' lang='grc' dir='ltr'><strong>ς’</strong></span> <span class='ocrx_word' id='word_1_237' title='bbox 746 2147 838 2184; x_wconf 81' lang='lat' dir='ltr'><strong>Aer.</strong></span> <span class='ocrx_word' id='word_1_238' title='bbox 871 2128 1004 2194; x_wconf 65' lang='grc' dir='ltr'>(οΙῗιιιιιι</span> <span class='ocrx_word' id='word_1_239' title='bbox 1034 2147 1070 2196; x_wconf 88' lang='lat' dir='ltr'><strong>r)</strong></span> <span class='ocrx_word' id='word_1_240' title='bbox 1171 2147 1322 2186; x_wconf 82' lang='lat' dir='ltr'><strong>motar&amp;</strong></span> <span class='ocrx_word' id='word_1_241' title='bbox 1353 2150 1391 2185; x_wconf 88' lang='grc' dir='ltr'><em>Ε</em></span> <span class='ocrx_word' id='word_1_242' title='bbox 1488 2151 1525 2187; x_wconf 90' lang='lat' dir='ltr'><strong>in</strong></span> <span class='ocrx_word' id='word_1_243' title='bbox 1555 2147 1682 2202; x_wconf 85' lang='lat' dir='ltr'><strong>horas]</strong></span> 
     </span>
     <span class='ocr_line' id='line_1_31' title="bbox 152 2202 1681 2257; baseline 0.004 -18"><span class='ocrx_word' id='word_1_244' title='bbox 152 2205 188 2239; x_wconf 91' lang='lat' dir='ltr'><strong>in</strong></span> <span class='ocrx_word' id='word_1_245' title='bbox 219 2214 301 2240; x_wconf 84' lang='lat' dir='ltr'><strong>oras</strong></span> <span class='ocrx_word' id='word_1_246' title='bbox 332 2204 370 2239; x_wconf 99' lang='lat' dir='ltr'><em>F</em></span> <span class='ocrx_word' id='word_1_247' title='bbox 396 2204 515 2239; x_wconf 77' lang='lat' dir='ltr'><strong>inor-as</strong></span> <span class='ocrx_word' id='word_1_248' title='bbox 546 2202 567 2237; x_wconf 84' lang='grc' dir='ltr'><em>λ</em></span> <span class='ocrx_word' id='word_1_249' title='bbox 591 2216 679 2250; x_wconf 83' lang='lat' dir='ltr'><strong>.opp.</strong></span> <span class='ocrx_word' id='word_1_250' title='bbox 708 2205 777 2241; x_wconf 88' lang='lat' dir='ltr'><strong>Ac.</strong></span> <span class='ocrx_word' id='word_1_251' title='bbox 869 2204 918 2240; x_wconf 87' lang='lat'><strong>11</strong></span> <span class='ocrx_word' id='word_1_252' title='bbox 952 2204 1083 2241; x_wconf 85' lang='lat' dir='ltr'><strong>Edibus</strong></span> <span class='ocrx_word' id='word_1_253' title='bbox 1113 2217 1138 2254; x_wconf 76' lang='lat' dir='ltr'><em>y</em></span> <span class='ocrx_word' id='word_1_254' title='bbox 1213 2207 1447 2255; x_wconf 53' lang='grc' dir='ltr'>«ἓξ-111531115-</span> <span class='ocrx_word' id='word_1_255' title='bbox 1469 2218 1513 2243; x_wconf 84' lang='lat' dir='ltr'><strong>ex</strong></span> <span class='ocrx_word' id='word_1_256' title='bbox 1542 2209 1681 2257; x_wconf 83' lang='lat' dir='ltr'><strong>magnis</strong></span> 
     </span>
     <span class='ocr_line' id='line_1_32' title="bbox 151 2258 1682 2314; baseline 0.004 -18"><span class='ocrx_word' id='word_1_257' title='bbox 151 2272 175 2309; x_wconf 86' lang='grc' dir='ltr'><em>γ</em></span> <span class='ocrx_word' id='word_1_258' title='bbox 262 2259 359 2296; x_wconf 79' lang='lat' dir='ltr'><strong>subit</strong></span> <span class='ocrx_word' id='word_1_259' title='bbox 389 2272 406 2296; x_wconf 87' lang='grc' dir='ltr'><strong><em>ε</em></strong></span> <span class='ocrx_word' id='word_1_260' title='bbox 494 2272 558 2296; x_wconf 83' lang='lat' dir='ltr'><strong>uu.</strong></span> <span class='ocrx_word' id='word_1_261' title='bbox 594 2260 758 2298; x_wconf 81' lang='lat'><strong>12-13</strong></span> <span class='ocrx_word' id='word_1_262' title='bbox 790 2261 850 2297; x_wconf 81' lang='lat' dir='ltr'><strong>uix</strong></span> <span class='ocrx_word' id='word_1_263' title='bbox 884 2282 932 2287; x_wconf 97' lang='lat'><strong>—</strong></span> <span class='ocrx_word' id='word_1_264' title='bbox 964 2258 1116 2312; x_wconf 88' lang='lat' dir='ltr'><strong>Romae]</strong></span> <span class='ocrx_word' id='word_1_265' title='bbox 1149 2265 1253 2299; x_wconf 84' lang='lat' dir='ltr'><strong>omis.</strong></span> <span class='ocrx_word' id='word_1_266' title='bbox 1286 2263 1355 2299; x_wconf 84' lang='grc' dir='ltr'><strong>Ει</strong></span> <span class='ocrx_word' id='word_1_267' title='bbox 1446 2263 1496 2300; x_wconf 86' lang='grc'><strong>12</strong></span> <span class='ocrx_word' id='word_1_268' title='bbox 1528 2265 1682 2314; x_wconf 62' lang='lat' dir='ltr'><strong>honeste</strong></span> 
     </span>
     <span class='ocr_line' id='line_1_33' title="bbox 96 2314 1680 2371; baseline 0.005 -20"><span class='ocrx_word' id='word_1_269' title='bbox 96 2356 104 2359; x_wconf 14' lang='grc' dir='ltr'>κ</span> <span class='ocrx_word' id='word_1_270' title='bbox 150 2323 185 2364; x_wconf 84' lang='grc' dir='ltr'><strong><em>ψ</em></strong></span> <span class='ocrx_word' id='word_1_271' title='bbox 311 2316 361 2353; x_wconf 85' lang='grc'><strong>13</strong></span> <span class='ocrx_word' id='word_1_272' title='bbox 402 2317 573 2353; x_wconf 85' lang='lat' dir='ltr'><strong>moechus</strong></span> <span class='ocrx_word' id='word_1_273' title='bbox 609 2330 632 2366; x_wconf 80' lang='grc' dir='ltr'><em>γ</em></span> <span class='ocrx_word' id='word_1_274' title='bbox 678 2329 782 2354; x_wconf 80' lang='lat' dir='ltr'><strong>corr.</strong></span> <span class='ocrx_word' id='word_1_275' title='bbox 819 2330 849 2364; x_wconf 86' lang='grc' dir='ltr'>φ</span> <span class='ocrx_word' id='word_1_276' title='bbox 884 2318 905 2354; x_wconf 82' lang='grc' dir='ltr'><em>λ</em></span> <span class='ocrx_word' id='word_1_277' title='bbox 942 2318 980 2365; x_wconf 83' lang='lat' dir='ltr'><strong>(a</strong></span> <span class='ocrx_word' id='word_1_278' title='bbox 1009 2317 1044 2364; x_wconf 90' lang='lat' dir='ltr'><strong>r)</strong></span> <span class='ocrx_word' id='word_1_279' title='bbox 1084 2314 1264 2355; x_wconf 77' lang='lat' dir='ltr'><strong>moecldus</strong></span> <span class='ocrx_word' id='word_1_280' title='bbox 1301 2325 1336 2365; x_wconf 85' lang='grc' dir='ltr'><strong>ψ</strong></span> <span class='ocrx_word' id='word_1_281' title='bbox 1372 2320 1522 2357; x_wconf 89' lang='lat' dir='ltr'><strong>mechus</strong></span> <span class='ocrx_word' id='word_1_282' title='bbox 1558 2333 1582 2371; x_wconf 78' lang='grc' dir='ltr'><em>γ</em></span> <span class='ocrx_word' id='word_1_283' title='bbox 1616 2332 1680 2368; x_wconf 82' lang='lat' dir='ltr'><strong>pr.</strong></span> 
     </span>
     <span class='ocr_line' id='line_1_34' title="bbox 151 2371 1680 2425; baseline 0.005 -18"><span class='ocrx_word' id='word_1_284' title='bbox 151 2386 169 2410; x_wconf 78' lang='grc' dir='ltr'><em>ε</em></span> <span class='ocrx_word' id='word_1_285' title='bbox 198 2372 234 2422; x_wconf 82' lang='lat'><strong>(9</strong></span> <span class='ocrx_word' id='word_1_286' title='bbox 260 2376 272 2411; x_wconf 81' lang='lat'><em>2</em></span> <span class='ocrx_word' id='word_1_287' title='bbox 302 2379 334 2408; x_wconf 79' lang='lat' dir='ltr'><strong>ct</strong></span> <span class='ocrx_word' id='word_1_288' title='bbox 362 2371 401 2423; x_wconf 86' lang='grc' dir='ltr'><strong>β)</strong></span> <span class='ocrx_word' id='word_1_289' title='bbox 449 2374 595 2422; x_wconf 53' lang='lat' dir='ltr'><strong>mechus</strong></span> <span class='ocrx_word' id='word_1_290' title='bbox 639 2387 662 2410; x_wconf 85' lang='lat' dir='ltr'><em>v</em></span> <span class='ocrx_word' id='word_1_291' title='bbox 698 2382 720 2409; x_wconf 93' lang='grc' dir='ltr'>σ</span> <span class='ocrx_word' id='word_1_292' title='bbox 759 2373 805 2421; x_wconf 82' lang='lat' dir='ltr'><strong>(et</strong></span> <span class='ocrx_word' id='word_1_293' title='bbox 841 2374 980 2421; x_wconf 81' lang='lat' dir='ltr'><strong>Fran.)</strong></span> <span class='ocrx_word' id='word_1_294' title='bbox 1124 2374 1262 2412; x_wconf 76' lang='lat' dir='ltr'><strong>doctus·</strong></span> <span class='ocrx_word' id='word_1_295' title='bbox 1292 2377 1331 2413; x_wconf 84' lang='lat' dir='ltr'><em>E</em></span> <span class='ocrx_word' id='word_1_296' title='bbox 1354 2389 1378 2424; x_wconf 84' lang='grc' dir='ltr'><em>γ</em></span> <span class='ocrx_word' id='word_1_297' title='bbox 1406 2389 1437 2424; x_wconf 84' lang='grc' dir='ltr'><em>φ</em></span> <span class='ocrx_word' id='word_1_298' title='bbox 1465 2389 1509 2425; x_wconf 85' lang='lat' dir='ltr'><strong>p.</strong></span> <span class='ocrx_word' id='word_1_299' title='bbox 1549 2389 1629 2415; x_wconf 85' lang='lat' dir='ltr'><strong>ras.</strong></span> <span class='ocrx_word' id='word_1_300' title='bbox 1662 2390 1680 2415; x_wconf 88' lang='grc' dir='ltr'><em>ε</em></span> 
     </span>
    </p>
   </div>
   <div class='ocr_carea' id='block_1_12' title="bbox 153 2428 1748 2482">
    <p class='ocr_par' dir='ltr' id='par_1_22' title="bbox 153 2428 1748 2482">
     <span class='ocr_line' id='line_1_35' title="bbox 153 2428 1748 2482; baseline 0.003 -15"><span class='ocrx_word' id='word_1_301' title='bbox 153 2443 239 2467; x_wconf 74' lang='lat' dir='ltr'><strong>aar.</strong></span> <span class='ocrx_word' id='word_1_302' title='bbox 272 2429 310 2477; x_wconf 85' lang='lat' dir='ltr'><strong>(v</strong></span> <span class='ocrx_word' id='word_1_303' title='bbox 337 2440 355 2466; x_wconf 87' lang='lat'>2</span> <span class='ocrx_word' id='word_1_304' title='bbox 382 2437 405 2465; x_wconf 88' lang='grc' dir='ltr'>σ</span> <span class='ocrx_word' id='word_1_305' title='bbox 435 2443 459 2466; x_wconf 84' lang='grc' dir='ltr'><em>α</em></span> <span class='ocrx_word' id='word_1_306' title='bbox 488 2440 501 2466; x_wconf 89' lang='grc'><strong>1</strong></span> <span class='ocrx_word' id='word_1_307' title='bbox 529 2434 597 2467; x_wconf 82' lang='lat' dir='ltr'><strong>aut</strong></span> <span class='ocrx_word' id='word_1_308' title='bbox 623 2442 639 2467; x_wconf 88' lang='lat'>2</span> <span class='ocrx_word' id='word_1_309' title='bbox 669 2433 682 2468; x_wconf 81' lang='lat' dir='ltr'><em>l</em></span> <span class='ocrx_word' id='word_1_310' title='bbox 711 2429 747 2478; x_wconf 88' lang='lat' dir='ltr'><strong>r)</strong></span> <span class='ocrx_word' id='word_1_311' title='bbox 784 2431 914 2468; x_wconf 74' lang='lat' dir='ltr'><strong>doctor</strong></span> <span class='ocrx_word' id='word_1_312' title='bbox 952 2432 990 2468; x_wconf 93' lang='lat' dir='ltr'><em>F</em></span> <span class='ocrx_word' id='word_1_313' title='bbox 1015 2431 1037 2468; x_wconf 88' lang='grc' dir='ltr'><em>λ</em></span> <span class='ocrx_word' id='word_1_314' title='bbox 1064 2444 1082 2468; x_wconf 84' lang='grc' dir='ltr'><em>ε</em></span> <span class='ocrx_word' id='word_1_315' title='bbox 1110 2428 1169 2481; x_wconf 84' lang='grc' dir='ltr'><strong>(β’</strong></span> <span class='ocrx_word' id='word_1_316' title='bbox 1188 2444 1211 2468; x_wconf 92' lang='grc' dir='ltr'><strong><em>ν</em></strong></span> <span class='ocrx_word' id='word_1_317' title='bbox 1241 2442 1253 2468; x_wconf 91' lang='grc'><strong>1</strong></span> <span class='ocrx_word' id='word_1_318' title='bbox 1280 2445 1305 2481; x_wconf 76' lang='lat'><em>9</em></span> <span class='ocrx_word' id='word_1_319' title='bbox 1332 2440 1365 2468; x_wconf 84' lang='lat' dir='ltr'><strong>et</strong></span> <span class='ocrx_word' id='word_1_320' title='bbox 1393 2445 1489 2470; x_wconf 85' lang='lat' dir='ltr'><strong>omn.</strong></span> <span class='ocrx_word' id='word_1_321' title='bbox 1521 2434 1679 2482; x_wconf 81' lang='lat' dir='ltr'><strong>Bland.)</strong></span> <span class='ocrx_word' id='word_1_322' title='bbox 1741 2454 1748 2463; x_wconf 86' lang='lat'><strong>·</strong></span> 
     </span>
    </p>
   </div>
   <div class='ocr_carea' id='block_1_13' title="bbox 152 2486 1683 2535">
    <p class='ocr_par' dir='ltr' id='par_1_23' title="bbox 152 2486 1683 2535">
     <span class='ocr_line' id='line_1_36' title="bbox 152 2486 1683 2535; baseline 0.003 -15"><span class='ocrx_word' id='word_1_323' title='bbox 152 2486 309 2520; x_wconf 65' lang='lat' dir='ltr'><strong>‘dicitur</strong></span> <span class='ocrx_word' id='word_1_324' title='bbox 339 2487 432 2520; x_wconf 89' lang='lat' dir='ltr'><strong>enim</strong></span> <span class='ocrx_word' id='word_1_325' title='bbox 462 2486 534 2521; x_wconf 83' lang='lat' dir='ltr'><strong>iste</strong></span> <span class='ocrx_word' id='word_1_326' title='bbox 556 2486 707 2521; x_wconf 85' lang='lat' dir='ltr'><strong>Priscus</strong></span> <span class='ocrx_word' id='word_1_327' title='bbox 737 2487 899 2534; x_wconf 87' lang='lat' dir='ltr'><strong>(crispus</strong></span> <span class='ocrx_word' id='word_1_328' title='bbox 920 2488 951 2535; x_wconf 82' lang='grc' dir='ltr'><strong>ε)</strong></span> <span class='ocrx_word' id='word_1_329' title='bbox 983 2494 1107 2522; x_wconf 85' lang='lat' dir='ltr'><strong>orator</strong></span> <span class='ocrx_word' id='word_1_330' title='bbox 1136 2488 1277 2522; x_wconf 85' lang='lat' dir='ltr'><strong>fuisse&#39;</strong></span> <span class='ocrx_word' id='word_1_331' title='bbox 1299 2491 1390 2526; x_wconf 78' lang='lat' dir='ltr'><strong>Aer.</strong></span> <span class='ocrx_word' id='word_1_332' title='bbox 1476 2491 1623 2528; x_wconf 80' lang='lat' dir='ltr'><strong>adhenis</strong></span> <span class='ocrx_word' id='word_1_333' title='bbox 1644 2493 1683 2528; x_wconf 87' lang='lat' dir='ltr'><em>E</em></span> 
     </span>
    </p>
   </div>
   <div class='ocr_carea' id='block_1_14' title="bbox 150 2540 1682 2768">
    <p class='ocr_par' dir='ltr' id='par_1_24' title="bbox 150 2540 1682 2768">
     <span class='ocr_line' id='line_1_37' title="bbox 266 2540 1675 2598; baseline 0.004 -19"><span class='ocrx_word' id='word_1_334' title='bbox 266 2542 318 2580; x_wconf 87' lang='grc'>14</span> <span class='ocrx_word' id='word_1_335' title='bbox 358 2543 564 2577; x_wconf 77' lang='lat' dir='ltr'><strong>uortumnis</strong></span> <span class='ocrx_word' id='word_1_336' title='bbox 592 2555 619 2590; x_wconf 75' lang='lat' dir='ltr'><strong><em>y</em></strong></span> <span class='ocrx_word' id='word_1_337' title='bbox 652 2540 801 2594; x_wconf 83' lang='lat' dir='ltr'><strong>[Paris.</strong></span> <span class='ocrx_word' id='word_1_338' title='bbox 834 2545 955 2582; x_wconf 81' lang='lat'>7976.</span> <span class='ocrx_word' id='word_1_339' title='bbox 987 2544 1097 2583; x_wconf 84' lang='lat'>8216</span> <span class='ocrx_word' id='word_1_340' title='bbox 1137 2546 1335 2579; x_wconf 85' lang='lat' dir='ltr'><strong>uortunnis</strong></span> <span class='ocrx_word' id='word_1_341' title='bbox 1375 2547 1503 2584; x_wconf 84' lang='lat' dir='ltr'><strong>Paris.</strong></span> <span class='ocrx_word' id='word_1_342' title='bbox 1545 2545 1675 2598; x_wconf 84' lang='lat'>8213]</span> 
     </span>
     <span class='ocr_line' id='line_1_38' title="bbox 152 2593 1682 2653; baseline 0.003 -17"><span class='ocrx_word' id='word_1_343' title='bbox 152 2601 351 2636; x_wconf 79' lang='lat' dir='ltr'><strong>uertumnis</strong></span> <span class='ocrx_word' id='word_1_344' title='bbox 380 2593 442 2637; x_wconf 69' lang='lat'><strong>52&#39;</strong></span> <span class='ocrx_word' id='word_1_345' title='bbox 458 2596 497 2644; x_wconf 83' lang='grc' dir='ltr'><strong>ς’</strong></span> <span class='ocrx_word' id='word_1_346' title='bbox 527 2601 646 2637; x_wconf 77' lang='lat' dir='ltr'><strong>schol</strong></span> <span class='ocrx_word' id='word_1_347' title='bbox 679 2600 718 2635; x_wconf 99' lang='grc' dir='ltr'><em>Γ</em></span> <span class='ocrx_word' id='word_1_348' title='bbox 739 2601 936 2638; x_wconf 79' lang='lat' dir='ltr'><strong>Przscian.</strong></span> <span class='ocrx_word' id='word_1_349' title='bbox 1090 2607 1180 2650; x_wconf 79' lang='lat' dir='ltr'><strong>quot</strong></span> <span class='ocrx_word' id='word_1_350' title='bbox 1210 2607 1301 2649; x_wconf 81' lang='lat' dir='ltr'><strong>quot</strong></span> <span class='ocrx_word' id='word_1_351' title='bbox 1330 2598 1369 2638; x_wconf 81' lang='grc' dir='ltr'><strong>λ’</strong></span> <span class='ocrx_word' id='word_1_352' title='bbox 1397 2602 1446 2651; x_wconf 87' lang='lat' dir='ltr'><strong>(r)</strong></span> <span class='ocrx_word' id='word_1_353' title='bbox 1478 2602 1534 2653; x_wconf 75' lang='lat' dir='ltr'><strong>qd</strong></span> <span class='ocrx_word' id='word_1_354' title='bbox 1563 2601 1612 2652; x_wconf 63' lang='lat' dir='ltr'><strong>qd</strong></span> <span class='ocrx_word' id='word_1_355' title='bbox 1641 2605 1682 2641; x_wconf 87' lang='lat' dir='ltr'><em>E</em></span> 
     </span>
     <span class='ocr_line' id='line_1_39' title="bbox 150 2654 1678 2706; baseline 0.003 -13"><span class='ocrx_word' id='word_1_356' title='bbox 150 2654 213 2704; x_wconf 72' lang='lat' dir='ltr'><strong>(qd</strong></span> <span class='ocrx_word' id='word_1_357' title='bbox 245 2658 283 2705; x_wconf 62' lang='lat' dir='ltr'><strong>qi</strong></span> <span class='ocrx_word' id='word_1_358' title='bbox 315 2658 352 2693; x_wconf 89' lang='lat' dir='ltr'><em>E</em></span> <span class='ocrx_word' id='word_1_359' title='bbox 377 2656 407 2704; x_wconf 86' lang='lat'><strong>2)</strong></span> <span class='ocrx_word' id='word_1_360' title='bbox 446 2655 495 2702; x_wconf 70' lang='lat' dir='ltr'><strong>qd</strong></span> <span class='ocrx_word' id='word_1_361' title='bbox 526 2654 575 2702; x_wconf 70' lang='lat' dir='ltr'><strong>qd</strong></span> <span class='ocrx_word' id='word_1_362' title='bbox 603 2669 627 2706; x_wconf 77' lang='lat'><em>9</em></span> <span class='ocrx_word' id='word_1_363' title='bbox 665 2662 755 2705; x_wconf 75' lang='lat' dir='ltr'><strong>quot</strong></span> <span class='ocrx_word' id='word_1_364' title='bbox 792 2663 848 2694; x_wconf 77' lang='lat' dir='ltr'><strong>tot</strong></span> <span class='ocrx_word' id='word_1_365' title='bbox 878 2670 896 2694; x_wconf 83' lang='grc' dir='ltr'><em>ε</em></span> <span class='ocrx_word' id='word_1_366' title='bbox 933 2671 1014 2705; x_wconf 84' lang='lat' dir='ltr'><strong>opp.</strong></span> <span class='ocrx_word' id='word_1_367' title='bbox 1048 2659 1166 2695; x_wconf 75' lang='lat' dir='ltr'><strong>schol.</strong></span> <span class='ocrx_word' id='word_1_368' title='bbox 1201 2657 1240 2693; x_wconf 91' lang='grc' dir='ltr'><em>Γ</em></span> <span class='ocrx_word' id='word_1_369' title='bbox 1268 2659 1463 2697; x_wconf 81' lang='lat' dir='ltr'><strong>Priscian.</strong></span> <span class='ocrx_word' id='word_1_370' title='bbox 1592 2666 1678 2698; x_wconf 89' lang='lat' dir='ltr'><strong>sunt</strong></span> 
     </span>
     <span class='ocr_line' id='line_1_40' title="bbox 150 2711 1674 2768; baseline 0.003 -20"><span class='ocrx_word' id='word_1_371' title='bbox 150 2711 272 2763; x_wconf 80' lang='lat' dir='ltr'><strong>natus]</strong></span> <span class='ocrx_word' id='word_1_372' title='bbox 306 2718 489 2750; x_wconf 65' lang='lat' dir='ltr'><strong>sternamus</strong></span> <span class='ocrx_word' id='word_1_373' title='bbox 520 2714 558 2750; x_wconf 92' lang='lat' dir='ltr'><em>F</em></span> <span class='ocrx_word' id='word_1_374' title='bbox 584 2726 672 2751; x_wconf 68' lang='grc' dir='ltr'><em>παν.</em></span> <span class='ocrx_word' id='word_1_375' title='bbox 702 2715 900 2751; x_wconf 37' lang='lat' dir='ltr'><strong>Preffsczam·</strong></span> <span class='ocrx_word' id='word_1_376' title='bbox 930 2717 1011 2752; x_wconf 85' lang='lat' dir='ltr'><strong>cod.</strong></span> <span class='ocrx_word' id='word_1_377' title='bbox 1046 2715 1074 2752; x_wconf 89' lang='lat' dir='ltr'><strong><em>S</em></strong></span> <span class='ocrx_word' id='word_1_378' title='bbox 1102 2727 1183 2761; x_wconf 83' lang='lat' dir='ltr'><strong>opp.</strong></span> <span class='ocrx_word' id='word_1_379' title='bbox 1215 2716 1336 2753; x_wconf 77' lang='lat' dir='ltr'><strong>schol.</strong></span> <span class='ocrx_word' id='word_1_380' title='bbox 1360 2715 1400 2751; x_wconf 93' lang='grc' dir='ltr'><em>Γ</em></span> <span class='ocrx_word' id='word_1_381' title='bbox 1479 2715 1531 2754; x_wconf 90' lang='grc'>15</span> <span class='ocrx_word' id='word_1_382' title='bbox 1561 2714 1674 2768; x_wconf 83' lang='lat' dir='ltr'><strong>iusta]</strong></span> 
     </span>
    </p>
   </div>
   <div class='ocr_carea' id='block_1_15' title="bbox 150 2771 1676 2833">
    <p class='ocr_par' dir='ltr' id='par_1_25' title="bbox 150 2771 1676 2833">
     <span class='ocr_line' id='line_1_41' title="bbox 150 2771 1676 2833; baseline 0.003 -17"><span class='ocrx_word' id='word_1_383' title='bbox 150 2781 205 2815; x_wconf 87' lang='lat' dir='ltr'><strong>ius</strong></span> <span class='ocrx_word' id='word_1_384' title='bbox 235 2786 290 2816; x_wconf 78' lang='lat' dir='ltr'><strong>sta</strong></span> <span class='ocrx_word' id='word_1_385' title='bbox 320 2794 337 2818; x_wconf 84' lang='grc' dir='ltr'><em>ε</em></span> <span class='ocrx_word' id='word_1_386' title='bbox 436 2781 611 2830; x_wconf 84' lang='lat' dir='ltr'><strong>cheragra</strong></span> <span class='ocrx_word' id='word_1_387' title='bbox 640 2793 658 2818; x_wconf 82' lang='grc' dir='ltr'><strong>ε</strong></span> <span class='ocrx_word' id='word_1_388' title='bbox 686 2780 722 2828; x_wconf 87' lang='lat' dir='ltr'><strong>(r</strong></span> <span class='ocrx_word' id='word_1_389' title='bbox 750 2780 869 2830; x_wconf 84' lang='lat' dir='ltr'><strong>corr.)</strong></span> <span class='ocrx_word' id='word_1_390' title='bbox 900 2783 1064 2832; x_wconf 84' lang='lat' dir='ltr'><strong>chiragra</strong></span> <span class='ocrx_word' id='word_1_391' title='bbox 1094 2783 1132 2819; x_wconf 88' lang='lat' dir='ltr'><em>E</em></span> <span class='ocrx_word' id='word_1_392' title='bbox 1149 2781 1186 2830; x_wconf 89' lang='grc' dir='ltr'><strong>(ν</strong></span> <span class='ocrx_word' id='word_1_393' title='bbox 1214 2795 1237 2819; x_wconf 86' lang='lat' dir='ltr'><strong>r</strong></span> <span class='ocrx_word' id='word_1_394' title='bbox 1255 2782 1339 2831; x_wconf 80' lang='lat' dir='ltr'><strong>pr.)</strong></span> <span class='ocrx_word' id='word_1_395' title='bbox 1369 2771 1508 2833; x_wconf 70' lang='lat' dir='ltr'><strong>Ziragra</strong></span> <span class='ocrx_word' id='word_1_396' title='bbox 1537 2796 1562 2833; x_wconf 85' lang='grc' dir='ltr'><em>γ</em></span> <span class='ocrx_word' id='word_1_397' title='bbox 1589 2784 1676 2833; x_wconf 85' lang='lat' dir='ltr'><strong>chy-</strong></span> 
     </span>
    </p>
   </div>
   <div class='ocr_carea' id='block_1_16' title="bbox 149 2837 1390 2920">
    <p class='ocr_par' dir='ltr' id='par_1_26' title="bbox 149 2837 1390 2920">
     <span class='ocr_line' id='line_1_42' title="bbox 149 2837 1390 2920; baseline 0.002 -25"><span class='ocrx_word' id='word_1_398' title='bbox 149 2870 253 2908; x_wconf 85' lang='lat' dir='ltr'><strong>ragra</strong></span> <span class='ocrx_word' id='word_1_399' title='bbox 283 2872 313 2907; x_wconf 83' lang='grc' dir='ltr'><strong><em>φ</em></strong></span> <span class='ocrx_word' id='word_1_400' title='bbox 335 2860 356 2896; x_wconf 82' lang='grc' dir='ltr'><em>λ</em></span> <span class='ocrx_word' id='word_1_401' title='bbox 376 2866 412 2907; x_wconf 86' lang='grc' dir='ltr'>ψ</span> <span class='ocrx_word' id='word_1_402' title='bbox 431 2872 520 2899; x_wconf 75' lang='lat' dir='ltr'><strong>aar.</strong></span> <span class='ocrx_word' id='word_1_403' title='bbox 540 2859 594 2909; x_wconf 86' lang='lat' dir='ltr'><strong>(a)</strong></span> <span class='ocrx_word' id='word_1_404' title='bbox 624 2873 782 2920; x_wconf 74' lang='lat' dir='ltr'><strong>cyragra</strong></span> <span class='ocrx_word' id='word_1_405' title='bbox 808 2860 834 2910; x_wconf 90' lang='grc' dir='ltr'>β</span> <span class='ocrx_word' id='word_1_406' title='bbox 843 2857 883 2899; x_wconf 84' lang='lat' dir='ltr'><strong>‘l</strong></span> <span class='ocrx_word' id='word_1_407' title='bbox 913 2837 1063 2911; x_wconf 51' lang='lat' dir='ltr'><strong>0¹}ragra</strong></span> <span class='ocrx_word' id='word_1_408' title='bbox 1088 2867 1126 2910; x_wconf 86' lang='grc' dir='ltr'><strong>ψ</strong></span> <span class='ocrx_word' id='word_1_409' title='bbox 1154 2861 1299 2907; x_wconf 85' lang='lat' dir='ltr'><strong>ciragra</strong></span> <span class='ocrx_word' id='word_1_410' title='bbox 1325 2871 1349 2898; x_wconf 90' lang='grc' dir='ltr'>σ</span> <span class='ocrx_word' id='word_1_411' title='bbox 1366 2874 1390 2910; x_wconf 81' lang='lat'><em>9</em></span> 
     </span>
    </p>
   </div>
  </div>
 </body>
</html>
