1930 3094
810 125 1045 153 PRAEFATIO
1674 128 1700 154 V

156 240 296 280 codice
329 242 365 278 B
395 240 600 279 consentit
630 240 705 288 ita,
739 246 784 280 ut
816 240 928 291 nullo
950 254 1083 292 paene
1114 241 1281 293 negotio
1303 240 1515 292 utriusque
1548 239 1698 278 codicis

1664 308 1672 316 ·
1715 294 1788 321 liber
1805 294 1901 320 arche-

153 307 259 347 liber
283 308 530 362 archetypus
551 310 735 348 construi
757 314 797 348 et
818 306 867 346 B'
888 314 987 348 nota
1018 308 1195 348 describi
1225 308 1426 361 potuerit,
1459 308 1540 347 nisi
1571 307 1696 346 uari1s

154 376 314 416 mendis
346 389 451 429 quae
488 377 645 416 libi-arii
676 376 862 416 codicum
894 378 931 414 B
961 381 1001 415 et
1034 378 1063 413 C
1090 391 1165 429 pro
1203 390 1247 416 se
1286 377 1461 429 quisque
1493 376 1693 423 fecerunt,

152 445 231 484 hoc
259 446 516 498 propositum
546 450 592 483 ut
621 444 672 483 ab
704 458 780 484 usu
811 444 990 483 alienum
1022 444 1286 497 inprobatum
1324 450 1445 484 esset.
1507 445 1588 484 nisi
1619 458 1695 483 nos

154 513 292 552 omnia
322 513 491 562 fallunt,
530 512 635 552 liber
673 513 922 565 archetypus
954 510 1003 549 B'
1033 514 1105 565 qui
1142 514 1185 551 in
1222 513 1321 552 artis
1352 513 1541 564 poeticae
1570 525 1695 551 uersu

152 581 238 621 440
269 582 439 630 defecit,
471 581 620 620 litteris
650 580 881 620 uncialibus
911 581 955 619 in
987 581 1154 620 modum
1183 581 1272 620 noti
1304 580 1415 620 illius
1447 580 1696 620 Salmasiani

153 650 306 689 codicis
337 651 509 702 scriptus
541 655 641 690 erat.
1670 665 1686 686 ο

264 718 332 758 Ad
363 719 474 757 tertii
505 718 670 769 generis
701 717 863 756 codices
893 717 1103 770 principes
1135 717 1216 756 duo
1247 717 1346 756 satis
1371 717 1528 756 uetusti
1559 730 1693 756 acces-

150 793 294 827 serunt
322 787 384 825 hi:
419 785 460 837 1)
494 799 674 825 conexus
707 799 796 824 cum
828 785 1016 824 Parisino
1049 786 1070 822 λ
1101 785 1285 824 eiusdem
1316 785 1462 824 aetatis
1490 782 1692 837 (ineuntis

151 856 304 895 saeculi
334 843 394 906 ἶ)
428 860 469 894 61
499 855 698 894 oriundus
731 869 752 894 e
774 854 975 893 coenobio
998 854 1291 894 Bellouacensi
1312 853 1531 892 Leidensis
1563 854 1694 892 codex

151 928 250 963 l=
286 924 378 962 Lat.
416 923 516 962 bibl.
555 922 669 975 publ.
702 936 764 962 nr.
798 923 871 970 28,
913 936 1036 975 quem
1073 923 1295 962 coniuncta
1332 922 1610 974 Pluygersi
1652 929 1692 961 et

150 994 227 1032 Du
264 993 416 1032 Rieui
446 990 704 1043 benignitate
744 991 894 1039 adiuti,
938 991 1033 1030 dum
1063 991 1107 1029 in
1143 991 1313 1030 Batauis
1343 989 1551 1042 degimus,
1585 990 1694 1030 domi

151 1061 340 1100 conferre
376 1061 504 1099 licuit.
563 1059 630 1098 hic
667 1060 797 1099 codex
833 1066 998 1112 practer
1035 1060 1055 1096 λ
1085 1059 1386 1098 uetustissimus
1425 1072 1584 1108 eorum,
1624 1060 1694 1112 qui

149 1129 328 1168 Mauorti
358 1127 701 1180 subscriptionem
732 1127 909 1179 habent,
950 1128 1116 1166 omnino
1155 1127 1259 1166 adeo
1299 1141 1388 1166 cum
1421 1127 1440 1164 λ
1471 1128 1690 1177 consentit,

148 1203 194 1236 ut
223 1197 347 1250 longe
385 1196 571 1249 plurimis
611 1196 712 1235 locis
745 1196 824 1235 duo
857 1196 1020 1235 codices
1059 1209 1142 1235 uno
1181 1196 1300 1248 signo
1332 1193 1365 1232 λ’
1396 1196 1691 1248 comprehendi

149 1266 374 1318 potuerint.
436 1265 506 1316 qui
536 1264 642 1303 liber
671 1262 705 1301 λ’
738 1270 778 1303 61
808 1265 898 1316 ipse
929 1264 1268 1316 Francogallicus
1301 1270 1446 1303 octauo
1482 1264 1571 1303 fere
1602 1278 1689 1304 sae-

149 1335 240 1374 culo
271 1333 516 1373 tribuendus
556 1345 645 1372 esse
683 1332 894 1380 uideatur,
935 1345 1026 1372 cum
1065 1339 1105 1372 et
1143 1333 1163 1369 λ
1204 1338 1244 1372 61
1282 1336 1294 1370 l
1326 1333 1499 1372 ineunte
1532 1333 1690 1372 decimo

149 1403 314 1443 saeculo
346 1402 503 1442 exarati
533 1402 630 1440 sint.
678 1400 720 1452 2)
752 1407 968 1452 praeterea
989 1401 1219 1453 accepimus
1249 1401 1400 1440 librum
1421 1401 1692 1454 archetypum

149 1472 201 1512 ad
232 1470 398 1512 modum
428 1471 608 1509 anticum
639 1483 690 1508 ex
719 1468 1066 1508 concordantibus
1095 1469 1342 1508 lectionibus
1381 1469 1567 1509 codicum
1597 1468 1620 1507 δ
1650 1477 1692 1510 61

147 1543 184 1580 d.
244 1537 267 1576 δ
295 1557 351 1571 =
382 1538 514 1578 codex
544 1537 795 1576 Harleianus
828 1537 938 1576 2725
972 1537 1068 1576 olim
1099 1551 1150 1576 ex
1178 1536 1293 1576 libris
1315 1538 1487 1577 Ioannis
1518 1537 1688 1590 Georgii

148 1607 316 1648 Graeuii
347 1607 592 1660 professoris
612 1606 898 1653 Vltraiectani,
932 1606 1089 1645 saeculi
1116 1595 1390 1657 vnn—{3
1425 1609 1453 1645 d
1473 1623 1529 1638 =
1556 1607 1691 1655 ‘codex

145 1676 396 1716 Hal-leianus
436 1676 545 1714 2688
585 1675 739 1714 saeculi
768 1662 900 1714 VIIII
915 1663 1020 1713 -ὶῖ
1079 1680 1298 1727 utrumque
1339 1676 1418 1727 ipsi
1465 1676 1508 1714 in
1547 1688 1689 1715 museo

144 1745 388 1784 Britannico
419 1743 620 1782 Londinii
650 1743 897 1782 contulimus
928 1744 1005 1791 ita,
1046 1750 1092 1782 ut
1121 1744 1203 1782 iam
1233 1757 1337 1792 non,
1379 1743 1490 1796 quod
1522 1744 1690 1796 quidem

145 1815 188 1853 in
210 1813 420 1852 uolumine
442 1813 571 1864 primo
593 1813 783 1859 fecimus,
818 1812 894 1849 niti
924 1825 1025 1863 opus
1049 1817 1158 1851 esset
1179 1801 1416 1850 conlatione
1438 1812 1510 1850 illa
1531 1812 1690 1851 Brouk-

144 1879 322 1921 husiana
347 1879 415 1932 (cf.
437 1881 567 1933 praef.
590 1880 672 1919 uol.
695 1880 717 1918 I
738 1894 777 1932 p.
800 1879 897 1931 XI),
930 1893 1038 1932 quae
1068 1880 1202 1919 minus
1234 1886 1424 1919 accurata
1456 1886 1544 1920 erat
1565 1893 1688 1933 quam

146 1949 497 1989 desiderabamus.
556 1949 634 1988 hac
672 1954 808 1987 autem
848 1949 1062 1987 occasione
1093 1949 1374 1988 reuocandum
1410 1954 1471 1988 est
1501 1949 1614 2000 quod
1643 1949 1687 1988 111

145 2018 217 2058 illa
247 2007 508 2071 praefatione
545 2017 696 2056 dictum
728 2023 833 2065 erat,
873 2015 1125 2056 Broukhusii
1164 2017 1442 2056 conlationem
1480 2031 1565 2055 non
1597 2031 1688 2057 esse

149 2088 236 2126 eius
268 2087 418 2126 codicis
450 2099 572 2139 quem
604 2084 888 2125 Graeuianum
918 2085 962 2123 in
993 2084 1166 2123 Horatio
1198 2098 1222 2123 a
1252 2098 1296 2124 se
1329 2085 1439 2124 edito
1471 2085 1687 2125 Bentleius

146 2161 370 2208 nuncupet.
432 2156 553 2193 immo
593 2167 691 2192 uero
733 2162 773 2192 61
802 2152 969 2192 Bentlei
1008 2153 1059 2192 (le
1092 2152 1328 2193 Graeuiano
1369 2159 1410 2192 et
1439 2153 1688 2195 Broukhusii

146 2224 198 2263 de
229 2223 370 2263 codice
401 2223 452 2262 ab
484 2223 573 2274 ipso
606 2236 691 2261 non
722 2222 933 2260 nominato
964 2223 1223 2261 narrationes
1263 2235 1313 2260 ex
1343 2235 1427 2260 uno
1459 2222 1687 2274 eodemque

144 2293 260 2331 fonte
292 2292 554 2339 deriuantur,
589 2290 697 2329 idest
728 2303 779 2329 ex
808 2296 948 2329 nostro
980 2290 1122 2330 codice
1153 2288 1175 2326 ὅ
1204 2291 1248 2329 111
1279 2289 1546 2342 bybliotheca
1576 2290 1685 2328 Lon-

145 2360 326 2399 diniensi
357 2372 480 2412 quam
510 2359 686 2398 maxima
719 2358 935 2411 diligentia
966 2373 989 2397 a
1028 2359 1232 2398 nobismet
1267 2359 1444 2400 conlato,
1507 2359 1686 2398 dubitari

143 2442 243 2468 sane
282 2434 444 2481 poterat
481 2441 580 2466 num
626 2427 805 2466 eundem
841 2427 1127 2467 Broukhusius
1167 2433 1207 2466 et
1248 2427 1460 2467 Bentleius
1504 2427 1687 2466 codicem

144 2503 385 2550 enarrantes
418 2497 623 2546 dicerent3
657 2496 728 2547 qui
750 2509 841 2534 cum
870 2509 981 2534 more
1002 2496 1066 2534 sui
1096 2497 1291 2548 temporis
1313 2509 1398 2534 non
1420 2509 1470 2535 ea
1500 2495 1687 2535 adhibita

145 2565 363 2618 diligentia
393 2578 498 2617 quae
529 2578 641 2603 nunc
672 2577 748 2602 nec
786 2563 987 2602 immerito
1020 2565 1241 2616 requiritur
1278 2565 1440 2603 codices
1478 2564 1684 2603 examina-

144 2639 255 2679 rent,
290 2634 439 2672 accidit
468 2639 514 2672 ut
534 2633 654 2672 modo
676 2631 843 2670 Bentlei
873 2632 994 2671 modo
1016 2632 1268 2672 Broukhusii
1300 2633 1421 2684 culpa
1451 2646 1537 2670 non
1558 2631 1684 2671 nullis

143 2701 242 2740 locis
272 2702 438 2741 minime
469 2703 578 2740 inter
615 2715 658 2740 se
690 2700 985 2740 consentirent.
1047 2714 1137 2740 cum
1175 2701 1317 2740 codice
1347 2705 1393 2739 ut
1422 2714 1548 2752 supra
1580 2700 1683 2739 dixi-

143 2783 231 2808 mus
253 2770 357 2809 alius
379 2769 564 2809 eiusdem
584 2768 874 2822 bybliothecae
896 2768 1026 2807 codex
1046 2769 1099 2807 ad
1120 2769 1292 2808 uerbum
1313 2769 1534 2809 consentit.
1566 2769 1683 2808 uide-

143 2843 211 2876 tur
248 2851 298 2876 ex
348 2838 511 2878 saeculo
549 2839 681 2877 VIIII
720 2842 899 2876 extremo
939 2835 1140 2888 originem
1185 2837 1361 2878 trahere.
1429 2837 1540 2889 quod
1583 2851 1683 2877 sane

1734 332 1821 363 typus
1840 326 1877 354 B‘

1729 791 1820 817 codex
1841 789 1858 818 λ

1728 929 1819 954 codex
1840 929 1851 954 l

1710 1253 1781 1280 liber
1799 1254 1897 1281 archo-

1728 1291 1815 1323 typus
1836 1288 1862 1315 λ’

1729 1545 1820 1572 codex
1842 1542 1861 1572 ὃ

1733 1613 1823 1640 codex
1843 1614 1865 1640 d
