<?xml version="1.0" encoding="UTF-8"?>
<!DOCTYPE html PUBLIC "-//W3C//DTD XHTML 1.0 Transitional//EN"
    "http://www.w3.org/TR/xhtml1/DTD/xhtml1-transitional.dtd">
<html xmlns="http://www.w3.org/1999/xhtml" xml:lang="en" lang="en">
 <head>
  <title>
</title>
<meta http-equiv="Content-Type" content="text/html;charset=utf-8" />
  <meta name='ocr-system' content='tesseract 3.04.00' />
  <meta name='ocr-capabilities' content='ocr_page ocr_carea ocr_par ocr_line ocrx_word'/>
</head>
<body>
  <div class='ocr_page' id='page_1' title='image "./operahor02horauoft_0209.png"; bbox 0 0 1930 3094; ppageno 0'>
   <div class='ocr_carea' id='block_1_1' title="bbox 796 107 1683 136">
    <p class='ocr_par' dir='ltr' id='par_1_1' title="bbox 796 107 1683 136">
     <span class='ocr_line' id='line_1_1' title="bbox 796 107 1683 136; baseline -0.002 0"><span class='ocrx_word' id='word_1_1' title='bbox 796 107 1030 136; x_wconf 76' lang='lat' dir='ltr'>PRAEFATIO</span> <span class='ocrx_word' id='word_1_2' title='bbox 1621 109 1683 136; x_wconf 83' lang='lat' dir='ltr'><strong>vn</strong></span> 
     </span>
    </p>
   </div>
   <div class='ocr_carea' id='block_1_2' title="bbox 116 220 1889 2599">
    <p class='ocr_par' dir='ltr' id='par_1_2' title="bbox 143 220 1688 343">
     <span class='ocr_line' id='line_1_2' title="bbox 145 220 1688 278; baseline -0.003 -14"><span class='ocrx_word' id='word_1_3' title='bbox 145 238 169 270; x_wconf 87' lang='grc' dir='ltr'><strong><em>ς</em></strong></span> <span class='ocrx_word' id='word_1_4' title='bbox 186 225 388 278; x_wconf 78' lang='lat' dir='ltr'>complexi</span> <span class='ocrx_word' id='word_1_5' title='bbox 408 237 560 264; x_wconf 85' lang='lat' dir='ltr'><strong>sumus.</strong></span> <span class='ocrx_word' id='word_1_6' title='bbox 601 223 785 263; x_wconf 81' lang='lat' dir='ltr'><strong>codicem</strong></span> <span class='ocrx_word' id='word_1_7' title='bbox 807 220 841 271; x_wconf 72' lang='grc' dir='ltr'><strong>δ’,</strong></span> <span class='ocrx_word' id='word_1_8' title='bbox 875 223 989 261; x_wconf 89' lang='lat' dir='ltr'><strong>cuius</strong></span> <span class='ocrx_word' id='word_1_9' title='bbox 1011 223 1313 263; x_wconf 86' lang='lat' dir='ltr'><strong>accuratissima</strong></span> <span class='ocrx_word' id='word_1_10' title='bbox 1334 223 1415 262; x_wconf 91' lang='lat' dir='ltr'><strong>iam</strong></span> <span class='ocrx_word' id='word_1_11' title='bbox 1437 236 1519 261; x_wconf 92' lang='lat' dir='ltr'><strong>non</strong></span> <span class='ocrx_word' id='word_1_12' title='bbox 1544 221 1688 261; x_wconf 86' lang='lat' dir='ltr'><strong>deerat</strong></span> 
     </span>
     <span class='ocr_line' id='line_1_3' title="bbox 143 291 1685 343; baseline -0.003 -11"><span class='ocrx_word' id='word_1_13' title='bbox 143 293 342 342; x_wconf 85' lang='lat' dir='ltr'><strong>conlatio,</strong></span> <span class='ocrx_word' id='word_1_14' title='bbox 384 293 428 332; x_wconf 92' lang='lat' dir='ltr'><strong>in</strong></span> <span class='ocrx_word' id='word_1_15' title='bbox 459 293 698 332; x_wconf 88' lang='lat' dir='ltr'><strong>societatem</strong></span> <span class='ocrx_word' id='word_1_16' title='bbox 734 291 920 331; x_wconf 88' lang='lat' dir='ltr'><strong>codicum</strong></span> <span class='ocrx_word' id='word_1_17' title='bbox 950 291 993 329; x_wconf 75' lang='grc' dir='ltr'><em>Ω</em></span> <span class='ocrx_word' id='word_1_18' title='bbox 1022 296 1233 343; x_wconf 87' lang='lat' dir='ltr'><strong>receptum</strong></span> <span class='ocrx_word' id='word_1_19' title='bbox 1271 304 1360 330; x_wconf 89' lang='lat' dir='ltr'><strong>esse</strong></span> <span class='ocrx_word' id='word_1_20' title='bbox 1390 304 1516 343; x_wconf 88' lang='lat' dir='ltr'><strong>supra</strong></span> <span class='ocrx_word' id='word_1_21' title='bbox 1546 303 1685 328; x_wconf 87' lang='lat' dir='ltr'><strong>narra-</strong></span> 
     </span>
    </p>

    <p class='ocr_par' dir='ltr' id='par_1_3' title="bbox 141 358 1882 685">
     <span class='ocr_line' id='line_1_4' title="bbox 143 358 1686 415; baseline -0.002 -15"><span class='ocrx_word' id='word_1_22' title='bbox 143 362 294 410; x_wconf 85' lang='lat' dir='ltr'><strong>uimus,</strong></span> <span class='ocrx_word' id='word_1_23' title='bbox 334 361 376 400; x_wconf 90' lang='lat' dir='ltr'><strong>id</strong></span> <span class='ocrx_word' id='word_1_24' title='bbox 408 361 518 415; x_wconf 91' lang='lat' dir='ltr'><strong>quod</strong></span> <span class='ocrx_word' id='word_1_25' title='bbox 548 361 629 399; x_wconf 87' lang='lat' dir='ltr'><strong>iam</strong></span> <span class='ocrx_word' id='word_1_26' title='bbox 659 360 703 398; x_wconf 90' lang='lat' dir='ltr'><strong>in</strong></span> <span class='ocrx_word' id='word_1_27' title='bbox 733 359 944 399; x_wconf 90' lang='lat' dir='ltr'><strong>uolumine</strong></span> <span class='ocrx_word' id='word_1_28' title='bbox 976 360 1105 411; x_wconf 90' lang='lat' dir='ltr'><strong>primo</strong></span> <span class='ocrx_word' id='word_1_29' title='bbox 1137 359 1290 398; x_wconf 82' lang='lat' dir='ltr'><strong>factum</strong></span> <span class='ocrx_word' id='word_1_30' title='bbox 1322 364 1448 407; x_wconf 84' lang='lat' dir='ltr'><strong>esset,</strong></span> <span class='ocrx_word' id='word_1_31' title='bbox 1490 358 1571 397; x_wconf 85' lang='lat' dir='ltr'><strong>nisi</strong></span> <span class='ocrx_word' id='word_1_32' title='bbox 1601 363 1686 396; x_wconf 85' lang='lat' dir='ltr'><strong>tum</strong></span> 
     </span>
     <span class='ocr_line' id='line_1_5' title="bbox 142 426 1766 482; baseline -0.002 -13"><span class='ocrx_word' id='word_1_33' title='bbox 142 430 335 482; x_wconf 84' lang='lat' dir='ltr'><strong>temporis</strong></span> <span class='ocrx_word' id='word_1_34' title='bbox 366 430 475 468; x_wconf 83' lang='lat' dir='ltr'><strong>intra</strong></span> <span class='ocrx_word' id='word_1_35' title='bbox 504 428 847 467; x_wconf 84' lang='lat' dir='ltr'><strong>Broukhusianae</strong></span> <span class='ocrx_word' id='word_1_36' title='bbox 877 427 1125 466; x_wconf 88' lang='lat' dir='ltr'><strong>conlationis</strong></span> <span class='ocrx_word' id='word_1_37' title='bbox 1155 427 1353 466; x_wconf 87' lang='lat' dir='ltr'><strong>terminos</strong></span> <span class='ocrx_word' id='word_1_38' title='bbox 1385 427 1552 466; x_wconf 80' lang='lat' dir='ltr'><strong>coerciti</strong></span> <span class='ocrx_word' id='word_1_39' title='bbox 1583 426 1682 465; x_wconf 86' lang='lat' dir='ltr'><strong>fuis·</strong></span> <span class='ocrx_word' id='word_1_40' title='bbox 1761 470 1766 475; x_wconf 45' lang='grc'>,</span> 
     </span>
     <span class='ocr_line' id='line_1_6' title="bbox 141 470 1882 549; baseline -0.004 -12"><span class='ocrx_word' id='word_1_41' title='bbox 141 511 288 537; x_wconf 81' lang='lat' dir='ltr'><strong>semuS.</strong></span> <span class='ocrx_word' id='word_1_42' title='bbox 338 499 372 536; x_wconf 80' lang='grc' dir='ltr'>θ</span> <span class='ocrx_word' id='word_1_43' title='bbox 391 511 414 549; x_wconf 84' lang='grc' dir='ltr'><strong><em>ρ</em></strong></span> <span class='ocrx_word' id='word_1_44' title='bbox 445 502 486 536; x_wconf 92' lang='lat' dir='ltr'><strong>et</strong></span> <span class='ocrx_word' id='word_1_45' title='bbox 504 495 870 548; x_wconf 87' lang='lat' dir='ltr'><strong>Argentoratensis</strong></span> <span class='ocrx_word' id='word_1_46' title='bbox 900 491 1021 548; x_wconf 81' lang='lat' dir='ltr'>11(C</span> <span class='ocrx_word' id='word_1_47' title='bbox 1042 495 1103 535; x_wconf 92' lang='lat' dir='ltr'><strong>VI</strong></span> <span class='ocrx_word' id='word_1_48' title='bbox 1137 496 1186 533; x_wconf 88' lang='grc'><strong>19</strong></span> <span class='ocrx_word' id='word_1_49' title='bbox 1217 495 1375 534; x_wconf 89' lang='lat' dir='ltr'><strong>saeculi</strong></span> <span class='ocrx_word' id='word_1_50' title='bbox 1403 493 1486 546; x_wconf 86' lang='lat' dir='ltr'><strong>XI)</strong></span> <span class='ocrx_word' id='word_1_51' title='bbox 1521 495 1564 533; x_wconf 89' lang='lat' dir='ltr'><strong>in</strong></span> <span class='ocrx_word' id='word_1_52' title='bbox 1602 507 1684 533; x_wconf 86' lang='lat' dir='ltr'><strong>ser·</strong></span> <span class='ocrx_word' id='word_1_53' title='bbox 1704 470 1882 538; x_wconf 46' lang='lat' dir='ltr'><strong>⁰223ssng</strong></span> 
     </span>
     <span class='ocr_line' id='line_1_7' title="bbox 142 538 1856 618; baseline -0.004 -12"><span class='ocrx_word' id='word_1_54' title='bbox 142 566 331 607; x_wconf 90' lang='lat' dir='ltr'><strong>monibus</strong></span> <span class='ocrx_word' id='word_1_55' title='bbox 370 565 554 618; x_wconf 78' lang='lat' dir='ltr'><strong>epistulis</strong></span> <span class='ocrx_word' id='word_1_56' title='bbox 601 569 689 603; x_wconf 87' lang='lat' dir='ltr'><strong>arte</strong></span> <span class='ocrx_word' id='word_1_57' title='bbox 728 564 890 615; x_wconf 88' lang='lat' dir='ltr'><strong>poetica</strong></span> <span class='ocrx_word' id='word_1_58' title='bbox 929 563 1055 615; x_wconf 88' lang='lat' dir='ltr'><strong>plane</strong></span> <span class='ocrx_word' id='word_1_59' title='bbox 1094 563 1256 602; x_wconf 81' lang='lat' dir='ltr'><strong>desunt.</strong></span> <span class='ocrx_word' id='word_1_60' title='bbox 1316 565 1343 601; x_wconf 82' lang='lat' dir='ltr'><strong>lc</strong></span> <span class='ocrx_word' id='word_1_61' title='bbox 1379 569 1426 602; x_wconf 87' lang='lat' dir='ltr'><strong>ut</strong></span> <span class='ocrx_word' id='word_1_62' title='bbox 1463 564 1534 615; x_wconf 90' lang='lat' dir='ltr'><strong>qui</strong></span> <span class='ocrx_word' id='word_1_63' title='bbox 1564 576 1680 615; x_wconf 86' lang='lat' dir='ltr'><strong>prae·</strong></span> <span class='ocrx_word' id='word_1_64' title='bbox 1724 538 1856 600; x_wconf 54' lang='lat' dir='ltr'><strong>egiliixnk</strong></span> 
     </span>
     <span class='ocr_line' id='line_1_8' title="bbox 142 630 1683 685; baseline -0.003 -12"><span class='ocrx_word' id='word_1_65' title='bbox 142 640 204 673; x_wconf 89' lang='lat' dir='ltr'><strong>ter</strong></span> <span class='ocrx_word' id='word_1_66' title='bbox 247 634 428 673; x_wconf 87' lang='lat' dir='ltr'><strong>carmina</strong></span> <span class='ocrx_word' id='word_1_67' title='bbox 477 638 517 672; x_wconf 90' lang='lat' dir='ltr'><strong>et</strong></span> <span class='ocrx_word' id='word_1_68' title='bbox 561 632 725 685; x_wconf 87' lang='lat' dir='ltr'><strong>epodon</strong></span> <span class='ocrx_word' id='word_1_69' title='bbox 770 637 928 684; x_wconf 87' lang='lat' dir='ltr'><strong>partem</strong></span> <span class='ocrx_word' id='word_1_70' title='bbox 973 631 1034 669; x_wconf 88' lang='lat' dir='ltr'><strong>nil</strong></span> <span class='ocrx_word' id='word_1_71' title='bbox 1080 631 1160 669; x_wconf 91' lang='lat' dir='ltr'><strong>nisi</strong></span> <span class='ocrx_word' id='word_1_72' title='bbox 1202 644 1321 670; x_wconf 87' lang='lat' dir='ltr'><strong>serm.</strong></span> <span class='ocrx_word' id='word_1_73' title='bbox 1361 631 1406 670; x_wconf 90' lang='lat' dir='ltr'><strong>II</strong></span> <span class='ocrx_word' id='word_1_74' title='bbox 1449 632 1494 679; x_wconf 85' lang='lat'><strong>6,</strong></span> <span class='ocrx_word' id='word_1_75' title='bbox 1539 630 1683 668; x_wconf 84' lang='lat'>114—</span> 
     </span>
    </p>

    <p class='ocr_par' dir='ltr' id='par_1_4' title="bbox 116 699 1889 1916">
     <span class='ocr_line' id='line_1_9' title="bbox 142 699 1684 753; baseline -0.003 -12"><span class='ocrx_word' id='word_1_76' title='bbox 142 703 179 750; x_wconf 86' lang='lat'><strong>7,</strong></span> <span class='ocrx_word' id='word_1_77' title='bbox 214 703 294 741; x_wconf 89' lang='grc'><strong>118</strong></span> <span class='ocrx_word' id='word_1_78' title='bbox 333 707 374 740; x_wconf 87' lang='lat' dir='ltr'><strong>et</strong></span> <span class='ocrx_word' id='word_1_79' title='bbox 414 701 656 753; x_wconf 85' lang='lat' dir='ltr'><strong>particulam</strong></span> <span class='ocrx_word' id='word_1_80' title='bbox 697 700 795 739; x_wconf 89' lang='lat' dir='ltr'><strong>artis</strong></span> <span class='ocrx_word' id='word_1_81' title='bbox 839 700 1028 752; x_wconf 86' lang='lat' dir='ltr'><strong>poeticae</strong></span> <span class='ocrx_word' id='word_1_82' title='bbox 1067 699 1298 747; x_wconf 85' lang='lat' dir='ltr'><strong>contineat,</strong></span> <span class='ocrx_word' id='word_1_83' title='bbox 1349 699 1562 751; x_wconf 88' lang='lat' dir='ltr'><strong>neglectus</strong></span> <span class='ocrx_word' id='word_1_84' title='bbox 1609 703 1684 737; x_wconf 81' lang='lat' dir='ltr'><strong>est.</strong></span> 
     </span>
     <span class='ocr_line' id='line_1_10' title="bbox 139 763 1875 831; baseline -0.002 -23"><span class='ocrx_word' id='word_1_85' title='bbox 139 772 322 821; x_wconf 59' lang='lat' dir='ltr'><strong>auknpsq</strong></span> <span class='ocrx_word' id='word_1_86' title='bbox 359 775 405 808; x_wconf 84' lang='lat' dir='ltr'><strong>ut</strong></span> <span class='ocrx_word' id='word_1_87' title='bbox 441 769 650 808; x_wconf 88' lang='lat' dir='ltr'><strong>inferioris</strong></span> <span class='ocrx_word' id='word_1_88' title='bbox 688 769 835 808; x_wconf 85' lang='lat' dir='ltr'><strong>aetatis</strong></span> <span class='ocrx_word' id='word_1_89' title='bbox 882 767 1045 807; x_wconf 88' lang='lat' dir='ltr'><strong>codices</strong></span> <span class='ocrx_word' id='word_1_90' title='bbox 1084 767 1239 806; x_wconf 82' lang='lat' dir='ltr'><strong>exclusi</strong></span> <span class='ocrx_word' id='word_1_91' title='bbox 1276 768 1346 806; x_wconf 89' lang='lat' dir='ltr'><strong>uel</strong></span> <span class='ocrx_word' id='word_1_92' title='bbox 1383 768 1427 806; x_wconf 89' lang='lat' dir='ltr'><strong>in</strong></span> <span class='ocrx_word' id='word_1_93' title='bbox 1465 780 1680 806; x_wconf 89' lang='lat' dir='ltr'><strong>numerum</strong></span> <span class='ocrx_word' id='word_1_94' title='bbox 1699 763 1875 831; x_wconf 52' lang='grc' dir='ltr'><strong>θοῑξζῑζᾳαμ</strong></span> 
     </span>
     <span class='ocr_line' id='line_1_11' title="bbox 141 831 1889 892; baseline -0.003 -14"><span class='ocrx_word' id='word_1_95' title='bbox 141 839 327 878; x_wconf 91' lang='lat' dir='ltr'><strong>codicum</strong></span> <span class='ocrx_word' id='word_1_96' title='bbox 356 851 381 886; x_wconf 79' lang='lat' dir='ltr'><em>y</em></span> <span class='ocrx_word' id='word_1_97' title='bbox 412 838 586 890; x_wconf 86' lang='lat' dir='ltr'><strong>relegati</strong></span> <span class='ocrx_word' id='word_1_98' title='bbox 606 842 716 876; x_wconf 79' lang='lat' dir='ltr'><strong>sunt.</strong></span> <span class='ocrx_word' id='word_1_99' title='bbox 757 841 1004 888; x_wconf 87' lang='lat' dir='ltr'><strong>supererant</strong></span> <span class='ocrx_word' id='word_1_100' title='bbox 1034 836 1160 888; x_wconf 88' lang='lat' dir='ltr'><strong>igitur</strong></span> <span class='ocrx_word' id='word_1_101' title='bbox 1180 836 1341 875; x_wconf 87' lang='lat' dir='ltr'><strong>codices</strong></span> <span class='ocrx_word' id='word_1_102' title='bbox 1362 835 1485 887; x_wconf 68' lang='lat' dir='ltr'><strong>1369rv</strong></span> <span class='ocrx_word' id='word_1_103' title='bbox 1507 835 1560 874; x_wconf 89' lang='lat' dir='ltr'><strong>ad</strong></span> <span class='ocrx_word' id='word_1_104' title='bbox 1581 848 1683 887; x_wconf 90' lang='lat' dir='ltr'><strong>quos</strong></span> <span class='ocrx_word' id='word_1_105' title='bbox 1702 833 1816 892; x_wconf 48' lang='lat' dir='ltr'><strong>codiffis</strong></span> <span class='ocrx_word' id='word_1_106' title='bbox 1825 831 1889 868; x_wconf 66' lang='lat'><em>[⁵⁸⁰⁹</em></span> 
     </span>
     <span class='ocr_line' id='line_1_12' title="bbox 140 903 1841 956; baseline -0.004 -10"><span class='ocrx_word' id='word_1_107' title='bbox 140 911 399 947; x_wconf 85' lang='lat' dir='ltr'><strong>accesserunt</strong></span> <span class='ocrx_word' id='word_1_108' title='bbox 428 918 480 943; x_wconf 83' lang='grc' dir='ltr'><strong>πτ</strong></span> <span class='ocrx_word' id='word_1_109' title='bbox 511 903 619 956; x_wconf 90' lang='lat' dir='ltr'><strong>(cum</strong></span> <span class='ocrx_word' id='word_1_110' title='bbox 650 904 770 956; x_wconf 83' lang='lat' dir='ltr'><strong>adel).</strong></span> <span class='ocrx_word' id='word_1_111' title='bbox 833 918 972 943; x_wconf 90' lang='lat' dir='ltr'><strong>eorum</strong></span> <span class='ocrx_word' id='word_1_112' title='bbox 1003 905 1183 943; x_wconf 82' lang='lat' dir='ltr'><strong>omnium</strong></span> <span class='ocrx_word' id='word_1_113' title='bbox 1212 904 1400 943; x_wconf 90' lang='lat' dir='ltr'><strong>codicum</strong></span> <span class='ocrx_word' id='word_1_114' title='bbox 1438 917 1561 956; x_wconf 88' lang='lat' dir='ltr'><strong>quam</strong></span> <span class='ocrx_word' id='word_1_115' title='bbox 1593 903 1684 942; x_wconf 84' lang='lat' dir='ltr'><strong>dili·</strong></span> <span class='ocrx_word' id='word_1_116' title='bbox 1731 912 1841 939; x_wconf 72' lang='lat' dir='ltr'><strong>madet</strong></span> 
     </span>
     <span class='ocr_line' id='line_1_13' title="bbox 141 972 1851 1026; baseline -0.004 -12"><span class='ocrx_word' id='word_1_117' title='bbox 141 976 402 1026; x_wconf 83' lang='lat' dir='ltr'><strong>gentissimas</strong></span> <span class='ocrx_word' id='word_1_118' title='bbox 442 974 769 1026; x_wconf 79' lang='lat' dir='ltr'><strong>comparauimus</strong></span> <span class='ocrx_word' id='word_1_119' title='bbox 808 973 1079 1012; x_wconf 85' lang='lat' dir='ltr'><strong>conlationes.</strong></span> <span class='ocrx_word' id='word_1_120' title='bbox 1201 990 1258 1004; x_wconf 92' lang='lat'>=</span> <span class='ocrx_word' id='word_1_121' title='bbox 1295 972 1428 1012; x_wconf 84' lang='lat' dir='ltr'><strong>codex</strong></span> <span class='ocrx_word' id='word_1_122' title='bbox 1457 972 1683 1011; x_wconf 87' lang='lat' dir='ltr'><strong>Bernensis</strong></span> <span class='ocrx_word' id='word_1_123' title='bbox 1719 981 1851 1022; x_wconf 57' lang='lat' dir='ltr'><strong>code-xp</strong></span> 
     </span>
     <span class='ocr_line' id='line_1_14' title="bbox 140 1031 1686 1095; baseline -0.002 -13"><span class='ocrx_word' id='word_1_124' title='bbox 140 1045 191 1081; x_wconf 79' lang='lat'><strong>21</strong></span> <span class='ocrx_word' id='word_1_125' title='bbox 226 1044 322 1082; x_wconf 90' lang='lat' dir='ltr'><strong>olim</strong></span> <span class='ocrx_word' id='word_1_126' title='bbox 354 1043 664 1095; x_wconf 87' lang='lat' dir='ltr'><strong>Bongarsianus</strong></span> <span class='ocrx_word' id='word_1_127' title='bbox 696 1042 849 1081; x_wconf 86' lang='lat' dir='ltr'><strong>saeculi</strong></span> <span class='ocrx_word' id='word_1_128' title='bbox 868 1031 912 1080; x_wconf 54' lang='lat' dir='ltr'><strong>X</strong></span> <span class='ocrx_word' id='word_1_129' title='bbox 941 1047 987 1080; x_wconf 91' lang='lat' dir='ltr'><strong>ut</strong></span> <span class='ocrx_word' id='word_1_130' title='bbox 1006 1041 1174 1081; x_wconf 85' lang='lat' dir='ltr'><strong>uidetur</strong></span> <span class='ocrx_word' id='word_1_131' title='bbox 1203 1041 1384 1080; x_wconf 77' lang='lat' dir='ltr'><strong>ineunt-is</strong></span> <span class='ocrx_word' id='word_1_132' title='bbox 1405 1041 1543 1093; x_wconf 85' lang='lat' dir='ltr'><strong>potius</strong></span> <span class='ocrx_word' id='word_1_133' title='bbox 1565 1053 1686 1092; x_wconf 87' lang='lat' dir='ltr'><strong>quam</strong></span> 
     </span>
     <span class='ocr_line' id='line_1_15' title="bbox 139 1108 1685 1160; baseline -0.003 -9"><span class='ocrx_word' id='word_1_134' title='bbox 139 1112 350 1160; x_wconf 87' lang='lat' dir='ltr'><strong>exeuntis,</strong></span> <span class='ocrx_word' id='word_1_135' title='bbox 388 1117 436 1151; x_wconf 93' lang='lat' dir='ltr'><strong>ut</strong></span> <span class='ocrx_word' id='word_1_136' title='bbox 472 1111 632 1150; x_wconf 88' lang='lat' dir='ltr'><strong>codices</strong></span> <span class='ocrx_word' id='word_1_137' title='bbox 666 1113 765 1158; x_wconf 81' lang='grc' dir='ltr'><strong><em>Βψιι</em></strong></span> <span class='ocrx_word' id='word_1_138' title='bbox 802 1110 1050 1149; x_wconf 89' lang='lat' dir='ltr'><strong>monasterio</strong></span> <span class='ocrx_word' id='word_1_139' title='bbox 1082 1109 1339 1148; x_wconf 86' lang='lat' dir='ltr'><strong>Floriacensi</strong></span> <span class='ocrx_word' id='word_1_140' title='bbox 1378 1108 1601 1157; x_wconf 84' lang='lat' dir='ltr'><strong>oriundus,</strong></span> <span class='ocrx_word' id='word_1_141' title='bbox 1641 1109 1685 1147; x_wconf 90' lang='lat' dir='ltr'><strong>in</strong></span> 
     </span>
     <span class='ocr_line' id='line_1_16' title="bbox 140 1177 1684 1230; baseline -0.003 -10"><span class='ocrx_word' id='word_1_142' title='bbox 140 1194 258 1220; x_wconf 90' lang='lat' dir='ltr'><strong>usum</strong></span> <span class='ocrx_word' id='word_1_143' title='bbox 287 1180 510 1220; x_wconf 86' lang='lat' dir='ltr'><strong>uoluminis</strong></span> <span class='ocrx_word' id='word_1_144' title='bbox 540 1180 585 1219; x_wconf 92' lang='lat' dir='ltr'><strong>II</strong></span> <span class='ocrx_word' id='word_1_145' title='bbox 615 1179 666 1218; x_wconf 91' lang='lat' dir='ltr'><strong>ab</strong></span> <span class='ocrx_word' id='word_1_146' title='bbox 697 1179 746 1217; x_wconf 85' lang='lat' dir='ltr'><strong>E.</strong></span> <span class='ocrx_word' id='word_1_147' title='bbox 767 1179 986 1218; x_wconf 89' lang='lat' dir='ltr'><strong>Kurtzio</strong></span> <span class='ocrx_word' id='word_1_148' title='bbox 1019 1179 1118 1218; x_wconf 86' lang='lat' dir='ltr'><strong>artis</strong></span> <span class='ocrx_word' id='word_1_149' title='bbox 1139 1178 1429 1230; x_wconf 85' lang='lat' dir='ltr'><strong>grammaticae</strong></span> <span class='ocrx_word' id='word_1_150' title='bbox 1460 1177 1684 1216; x_wconf 87' lang='lat' dir='ltr'><strong>candidato</strong></span> 
     </span>
     <span class='ocr_line' id='line_1_17' title="bbox 138 1246 1684 1299; baseline -0.003 -11"><span class='ocrx_word' id='word_1_151' title='bbox 138 1249 302 1288; x_wconf 86' lang='lat' dir='ltr'><strong>Bernae</strong></span> <span class='ocrx_word' id='word_1_152' title='bbox 342 1249 552 1299; x_wconf 85' lang='lat' dir='ltr'><strong>conlatus;</strong></span> <span class='ocrx_word' id='word_1_153' title='bbox 601 1262 685 1287; x_wconf 91' lang='lat' dir='ltr'><strong>non</strong></span> <span class='ocrx_word' id='word_1_154' title='bbox 725 1247 861 1287; x_wconf 89' lang='lat' dir='ltr'><strong>nullos</strong></span> <span class='ocrx_word' id='word_1_155' title='bbox 899 1247 1010 1286; x_wconf 85' lang='lat' dir='ltr'><strong>locos</strong></span> <span class='ocrx_word' id='word_1_156' title='bbox 1046 1247 1375 1286; x_wconf 86' lang='lat' dir='ltr'><strong>Hermannus</strong></span> <span class='ocrx_word' id='word_1_157' title='bbox 1413 1246 1684 1298; x_wconf 89' lang='lat' dir='ltr'><strong>Hagenius</strong></span> 
     </span>
     <span class='ocr_line' id='line_1_18' title="bbox 139 1314 1683 1367; baseline -0.002 -11"><span class='ocrx_word' id='word_1_158' title='bbox 139 1316 293 1356; x_wconf 86' lang='lat' dir='ltr'><strong>ibidem</strong></span> <span class='ocrx_word' id='word_1_159' title='bbox 323 1317 617 1356; x_wconf 80' lang='lat' dir='ltr'><strong>officiosissime</strong></span> <span class='ocrx_word' id='word_1_160' title='bbox 646 1317 794 1356; x_wconf 87' lang='lat' dir='ltr'><strong>iterum</strong></span> <span class='ocrx_word' id='word_1_161' title='bbox 824 1316 1088 1356; x_wconf 88' lang='lat' dir='ltr'><strong>examinauit.</strong></span> <span class='ocrx_word' id='word_1_162' title='bbox 1148 1328 1231 1367; x_wconf 89' lang='lat' dir='ltr'><strong>qua</strong></span> <span class='ocrx_word' id='word_1_163' title='bbox 1260 1314 1520 1367; x_wconf 80' lang='lat' dir='ltr'><strong>benignitate</strong></span> <span class='ocrx_word' id='word_1_164' title='bbox 1551 1314 1683 1353; x_wconf 85' lang='lat' dir='ltr'><strong>adiuti</strong></span> 
     </span>
     <span class='ocr_line' id='line_1_19' title="bbox 140 1382 1685 1436; baseline -0.003 -11"><span class='ocrx_word' id='word_1_165' title='bbox 140 1391 224 1425; x_wconf 88' lang='lat' dir='ltr'><strong>tam</strong></span> <span class='ocrx_word' id='word_1_166' title='bbox 253 1385 407 1425; x_wconf 86' lang='lat' dir='ltr'><strong>bonam</strong></span> <span class='ocrx_word' id='word_1_167' title='bbox 436 1385 587 1425; x_wconf 89' lang='lat' dir='ltr'><strong>codicis</strong></span> <span class='ocrx_word' id='word_1_168' title='bbox 618 1385 895 1424; x_wconf 86' lang='lat' dir='ltr'><strong>conlationem</strong></span> <span class='ocrx_word' id='word_1_169' title='bbox 926 1384 1177 1436; x_wconf 88' lang='lat' dir='ltr'><strong>accepimus,</strong></span> <span class='ocrx_word' id='word_1_170' title='bbox 1209 1388 1254 1422; x_wconf 91' lang='lat' dir='ltr'><strong>ut</strong></span> <span class='ocrx_word' id='word_1_171' title='bbox 1285 1397 1336 1422; x_wconf 88' lang='lat' dir='ltr'><strong>ex</strong></span> <span class='ocrx_word' id='word_1_172' title='bbox 1356 1382 1566 1422; x_wconf 83' lang='lat' dir='ltr'><strong>codicibus</strong></span> <span class='ocrx_word' id='word_1_173' title='bbox 1586 1382 1612 1434; x_wconf 90' lang='grc' dir='ltr'>β</span> <span class='ocrx_word' id='word_1_174' title='bbox 1644 1388 1685 1421; x_wconf 87' lang='lat' dir='ltr'><strong>et</strong></span> 
     </span>
     <span class='ocr_line' id='line_1_20' title="bbox 139 1451 1682 1506; baseline -0.002 -13"><span class='ocrx_word' id='word_1_175' title='bbox 139 1454 458 1502; x_wconf 82' lang='lat' dir='ltr'><strong>Franckerano,</strong></span> <span class='ocrx_word' id='word_1_176' title='bbox 499 1467 621 1506; x_wconf 83' lang='lat' dir='ltr'><strong>quem</strong></span> <span class='ocrx_word' id='word_1_177' title='bbox 651 1467 726 1505; x_wconf 89' lang='lat' dir='ltr'><strong>per</strong></span> <span class='ocrx_word' id='word_1_178' title='bbox 756 1451 1014 1492; x_wconf 82' lang='lat' dir='ltr'>SOPHIAM</span> <span class='ocrx_word' id='word_1_179' title='bbox 1060 1457 1328 1504; x_wconf 85' lang='lat' dir='ltr'><strong>augustam</strong></span> <span class='ocrx_word' id='word_1_180' title='bbox 1372 1452 1682 1491; x_wconf 87' lang='lat' dir='ltr'><strong>Batauorum</strong></span> 
     </span>
     <span class='ocr_line' id='line_1_21' title="bbox 139 1519 1683 1574; baseline -0.001 -13"><span class='ocrx_word' id='word_1_181' title='bbox 139 1523 366 1574; x_wconf 85' lang='lat' dir='ltr'><strong>reginam</strong></span> <span class='ocrx_word' id='word_1_182' title='bbox 405 1521 759 1561; x_wconf 77' lang='lat' dir='ltr'><strong>intercedentibus</strong></span> <span class='ocrx_word' id='word_1_183' title='bbox 797 1520 1090 1560; x_wconf 87' lang='lat' dir='ltr'><strong>Adelberto</strong></span> <span class='ocrx_word' id='word_1_184' title='bbox 1132 1520 1192 1559; x_wconf 90' lang='lat' dir='ltr'><strong>de</strong></span> <span class='ocrx_word' id='word_1_185' title='bbox 1230 1519 1413 1559; x_wconf 85' lang='lat' dir='ltr'><strong>Keller</strong></span> <span class='ocrx_word' id='word_1_186' title='bbox 1452 1524 1492 1558; x_wconf 91' lang='lat' dir='ltr'><strong>et</strong></span> <span class='ocrx_word' id='word_1_187' title='bbox 1522 1519 1589 1558; x_wconf 92' lang='lat' dir='ltr'><strong>W.</strong></span> <span class='ocrx_word' id='word_1_188' title='bbox 1624 1519 1683 1559; x_wconf 89' lang='lat' dir='ltr'><strong>de</strong></span> 
     </span>
     <span class='ocr_line' id='line_1_22' title="bbox 138 1587 1681 1642; baseline -0.003 -12"><span class='ocrx_word' id='word_1_189' title='bbox 138 1590 482 1630; x_wconf 89' lang='lat' dir='ltr'><strong>Weckherlin</strong></span> <span class='ocrx_word' id='word_1_190' title='bbox 514 1590 683 1642; x_wconf 87' lang='lat' dir='ltr'><strong>reginae</strong></span> <span class='ocrx_word' id='word_1_191' title='bbox 714 1588 766 1630; x_wconf 85' lang='lat' dir='ltr'><strong>ab</strong></span> <span class='ocrx_word' id='word_1_192' title='bbox 798 1589 986 1642; x_wconf 87' lang='lat' dir='ltr'><strong>epistulis</strong></span> <span class='ocrx_word' id='word_1_193' title='bbox 1018 1588 1137 1628; x_wconf 87' lang='lat' dir='ltr'><strong>nobis</strong></span> <span class='ocrx_word' id='word_1_194' title='bbox 1168 1588 1269 1640; x_wconf 86' lang='lat' dir='ltr'><strong>ipsis</strong></span> <span class='ocrx_word' id='word_1_195' title='bbox 1307 1588 1351 1627; x_wconf 92' lang='lat' dir='ltr'><strong>in</strong></span> <span class='ocrx_word' id='word_1_196' title='bbox 1382 1587 1551 1627; x_wconf 88' lang='lat' dir='ltr'><strong>Batauis</strong></span> <span class='ocrx_word' id='word_1_197' title='bbox 1587 1602 1681 1627; x_wconf 90' lang='lat' dir='ltr'><strong>con-</strong></span> 
     </span>
     <span class='ocr_line' id='line_1_23' title="bbox 139 1653 1680 1710; baseline -0.003 -12"><span class='ocrx_word' id='word_1_198' title='bbox 139 1660 247 1698; x_wconf 87' lang='lat' dir='ltr'><strong>ferre</strong></span> <span class='ocrx_word' id='word_1_199' title='bbox 276 1658 448 1707; x_wconf 87' lang='lat' dir='ltr'><strong>licebat,</strong></span> <span class='ocrx_word' id='word_1_200' title='bbox 492 1659 704 1710; x_wconf 84' lang='lat' dir='ltr'><strong>utriusque</strong></span> <span class='ocrx_word' id='word_1_201' title='bbox 735 1658 887 1697; x_wconf 86' lang='lat' dir='ltr'><strong>codicis</strong></span> <span class='ocrx_word' id='word_1_202' title='bbox 917 1657 1023 1696; x_wconf 89' lang='lat' dir='ltr'><strong>liber</strong></span> <span class='ocrx_word' id='word_1_203' title='bbox 1059 1656 1308 1710; x_wconf 87' lang='lat' dir='ltr'><strong>archetypus</strong></span> <span class='ocrx_word' id='word_1_204' title='bbox 1339 1653 1377 1708; x_wconf 87' lang='grc' dir='ltr'><strong>β’</strong></span> <span class='ocrx_word' id='word_1_205' title='bbox 1409 1656 1498 1695; x_wconf 87' lang='lat' dir='ltr'><strong>erui</strong></span> <span class='ocrx_word' id='word_1_206' title='bbox 1528 1660 1680 1708; x_wconf 88' lang='lat' dir='ltr'><strong>posset.</strong></span> 
     </span>
     <span class='ocr_line' id='line_1_24' title="bbox 137 1714 1682 1766; baseline -0.002 -1"><span class='ocrx_word' id='word_1_207' title='bbox 137 1726 458 1766; x_wconf 83' lang='lat' dir='ltr'><strong>Franckeranus</strong></span> <span class='ocrx_word' id='word_1_208' title='bbox 490 1741 601 1765; x_wconf 87' lang='lat' dir='ltr'><strong>nunc</strong></span> <span class='ocrx_word' id='word_1_209' title='bbox 630 1726 976 1766; x_wconf 87' lang='lat' dir='ltr'><strong>Leeuwardensis</strong></span> <span class='ocrx_word' id='word_1_210' title='bbox 1007 1725 1105 1764; x_wconf 92' lang='lat' dir='ltr'><strong>olim</strong></span> <span class='ocrx_word' id='word_1_211' title='bbox 1125 1724 1390 1765; x_wconf 86' lang='lat' dir='ltr'><strong>Genauensis</strong></span> <span class='ocrx_word' id='word_1_212' title='bbox 1420 1724 1585 1763; x_wconf 86' lang='lat' dir='ltr'><strong>saeculo</strong></span> <span class='ocrx_word' id='word_1_213' title='bbox 1614 1714 1682 1763; x_wconf 55' lang='grc' dir='ltr'>ᾖ</span> 
     </span>
     <span class='ocr_line' id='line_1_25' title="bbox 139 1783 1886 1862; baseline -0.001 -28"><span class='ocrx_word' id='word_1_214' title='bbox 139 1795 208 1835; x_wconf 89' lang='lat' dir='ltr'><strong>uel</strong></span> <span class='ocrx_word' id='word_1_215' title='bbox 231 1783 327 1833; x_wconf 55' lang='lat' dir='ltr'><strong>‘X—II</strong></span> <span class='ocrx_word' id='word_1_216' title='bbox 365 1800 555 1834; x_wconf 85' lang='lat' dir='ltr'><strong>exaratus</strong></span> <span class='ocrx_word' id='word_1_217' title='bbox 587 1793 724 1845; x_wconf 70' lang='lat' dir='ltr'><strong>est*);</strong></span> <span class='ocrx_word' id='word_1_218' title='bbox 765 1792 808 1845; x_wconf 81' lang='grc' dir='ltr'><strong>β’</strong></span> <span class='ocrx_word' id='word_1_219' title='bbox 840 1794 1053 1846; x_wconf 86' lang='lat' dir='ltr'><strong>originalis</strong></span> <span class='ocrx_word' id='word_1_220' title='bbox 1089 1794 1196 1833; x_wconf 85' lang='lat' dir='ltr'><strong>liber</strong></span> <span class='ocrx_word' id='word_1_221' title='bbox 1233 1793 1397 1833; x_wconf 89' lang='lat' dir='ltr'><strong>saeculo</strong></span> <span class='ocrx_word' id='word_1_222' title='bbox 1428 1793 1537 1833; x_wconf 83' lang='lat' dir='ltr'>VIII</span> <span class='ocrx_word' id='word_1_223' title='bbox 1575 1793 1682 1833; x_wconf 88' lang='lat' dir='ltr'><strong>adsi·</strong></span> <span class='ocrx_word' id='word_1_224' title='bbox 1703 1790 1886 1862; x_wconf 46' lang='grc' dir='ltr'><strong>Ῑῑῐζθῐξυξξζῑθ·</strong></span> 
     </span>
     <span class='ocr_line' id='line_1_26' title="bbox 116 1862 1680 1916; baseline -0.001 -14"><span class='ocrx_word' id='word_1_225' title='bbox 116 1863 333 1916; x_wconf 81' lang='lat' dir='ltr'><strong>&#39;gnandus</strong></span> <span class='ocrx_word' id='word_1_226' title='bbox 364 1863 543 1902; x_wconf 89' lang='lat' dir='ltr'><strong>uidetur.</strong></span> <span class='ocrx_word' id='word_1_227' title='bbox 602 1862 849 1915; x_wconf 90' lang='lat' dir='ltr'><strong>ubicumque</strong></span> <span class='ocrx_word' id='word_1_228' title='bbox 885 1862 954 1901; x_wconf 92' lang='lat' dir='ltr'><strong>hic</strong></span> <span class='ocrx_word' id='word_1_229' title='bbox 990 1862 1240 1914; x_wconf 86' lang='lat' dir='ltr'><strong>archetypus</strong></span> <span class='ocrx_word' id='word_1_230' title='bbox 1279 1862 1474 1901; x_wconf 87' lang='lat' dir='ltr'><strong>constitui</strong></span> <span class='ocrx_word' id='word_1_231' title='bbox 1505 1867 1680 1914; x_wconf 87' lang='lat' dir='ltr'><strong>poterat,</strong></span> 
     </span>
    </p>

    <p class='ocr_par' dir='ltr' id='par_1_5' title="bbox 141 1928 1682 1985">
     <span class='ocr_line' id='line_1_27' title="bbox 141 1928 1682 1985; baseline -0.002 -14"><span class='ocrx_word' id='word_1_232' title='bbox 141 1946 303 1985; x_wconf 86' lang='lat' dir='ltr'><strong>semper</strong></span> <span class='ocrx_word' id='word_1_233' title='bbox 341 1946 433 1971; x_wconf 89' lang='lat' dir='ltr'><strong>eum</strong></span> <span class='ocrx_word' id='word_1_234' title='bbox 472 1932 515 1970; x_wconf 91' lang='lat' dir='ltr'><strong>in</strong></span> <span class='ocrx_word' id='word_1_235' title='bbox 554 1931 741 1970; x_wconf 85' lang='lat' dir='ltr'><strong>ordinem</strong></span> <span class='ocrx_word' id='word_1_236' title='bbox 779 1931 964 1970; x_wconf 90' lang='lat' dir='ltr'><strong>codicum</strong></span> <span class='ocrx_word' id='word_1_237' title='bbox 1004 1928 1044 1976; x_wconf 87' lang='grc' dir='ltr'><strong>ς’</strong></span> <span class='ocrx_word' id='word_1_238' title='bbox 1074 1931 1322 1982; x_wconf 83' lang='lat' dir='ltr'><strong>recepimus,</strong></span> <span class='ocrx_word' id='word_1_239' title='bbox 1360 1929 1507 1982; x_wconf 89' lang='lat' dir='ltr'><strong>quibus</strong></span> <span class='ocrx_word' id='word_1_240' title='bbox 1544 1936 1682 1969; x_wconf 90' lang='lat' dir='ltr'><strong>autem</strong></span> 
     </span>
    </p>

    <p class='ocr_par' dir='ltr' id='par_1_6' title="bbox 139 1997 1682 2055">
     <span class='ocr_line' id='line_1_28' title="bbox 139 1997 1682 2055; baseline -0.002 -15"><span class='ocrx_word' id='word_1_241' title='bbox 139 2001 239 2040; x_wconf 88' lang='lat' dir='ltr'><strong>locis</strong></span> <span class='ocrx_word' id='word_1_242' title='bbox 265 2000 432 2055; x_wconf 56' lang='lat' dir='ltr'><strong>⁴codices</strong></span> <span class='ocrx_word' id='word_1_243' title='bbox 463 2000 572 2039; x_wconf 86' lang='lat' dir='ltr'><strong>inter</strong></span> <span class='ocrx_word' id='word_1_244' title='bbox 595 2013 639 2038; x_wconf 90' lang='lat' dir='ltr'><strong>se</strong></span> <span class='ocrx_word' id='word_1_245' title='bbox 662 1998 949 2047; x_wconf 86' lang='lat' dir='ltr'><strong>discedebant,</strong></span> <span class='ocrx_word' id='word_1_246' title='bbox 981 1999 1167 2051; x_wconf 87' lang='lat' dir='ltr'><strong>singulos</strong></span> <span class='ocrx_word' id='word_1_247' title='bbox 1187 2012 1272 2037; x_wconf 90' lang='lat' dir='ltr'><strong>non</strong></span> <span class='ocrx_word' id='word_1_248' title='bbox 1295 1997 1504 2037; x_wconf 84' lang='lat' dir='ltr'><strong>codicibus</strong></span> <span class='ocrx_word' id='word_1_249' title='bbox 1537 2011 1575 2046; x_wconf 80' lang='grc' dir='ltr'><strong>ς,</strong></span> <span class='ocrx_word' id='word_1_250' title='bbox 1608 1999 1682 2037; x_wconf 90' lang='lat' dir='ltr'><strong>sed</strong></span> 
     </span>
    </p>

    <p class='ocr_par' dir='ltr' id='par_1_7' title="bbox 136 2065 1678 2119">
     <span class='ocr_line' id='line_1_29' title="bbox 136 2065 1678 2119; baseline -0.002 -11"><span class='ocrx_word' id='word_1_251' title='bbox 136 2070 194 2108; x_wconf 90' lang='lat' dir='ltr'><strong>eis</strong></span> <span class='ocrx_word' id='word_1_252' title='bbox 225 2069 339 2108; x_wconf 89' lang='lat' dir='ltr'><strong>libris</strong></span> <span class='ocrx_word' id='word_1_253' title='bbox 371 2067 707 2108; x_wconf 86' lang='lat' dir='ltr'><strong>adnumerandos</strong></span> <span class='ocrx_word' id='word_1_254' title='bbox 738 2081 827 2106; x_wconf 88' lang='lat' dir='ltr'><strong>esse</strong></span> <span class='ocrx_word' id='word_1_255' title='bbox 859 2067 1069 2115; x_wconf 88' lang='lat' dir='ltr'><strong>duximus,</strong></span> <span class='ocrx_word' id='word_1_256' title='bbox 1101 2081 1204 2119; x_wconf 88' lang='lat' dir='ltr'><strong>quos</strong></span> <span class='ocrx_word' id='word_1_257' title='bbox 1235 2073 1335 2105; x_wconf 86' lang='lat' dir='ltr'><strong>nota</strong></span> <span class='ocrx_word' id='word_1_258' title='bbox 1363 2065 1463 2118; x_wconf 71' lang='lat' dir='ltr'><strong>y**)</strong></span> <span class='ocrx_word' id='word_1_259' title='bbox 1497 2080 1678 2118; x_wconf 87' lang='lat' dir='ltr'><strong>compre·</strong></span> 
     </span>
    </p>

    <p class='ocr_par' dir='ltr' id='par_1_8' title="bbox 135 2133 1863 2256">
     <span class='ocr_line' id='line_1_30' title="bbox 135 2133 1863 2202; baseline -0.002 -25"><span class='ocrx_word' id='word_1_260' title='bbox 135 2138 286 2177; x_wconf 89' lang='lat' dir='ltr'><strong>hensos</strong></span> <span class='ocrx_word' id='word_1_261' title='bbox 306 2138 438 2176; x_wconf 88' lang='lat' dir='ltr'><strong>rarius</strong></span> <span class='ocrx_word' id='word_1_262' title='bbox 458 2135 689 2175; x_wconf 87' lang='lat' dir='ltr'><strong>solebamus</strong></span> <span class='ocrx_word' id='word_1_263' title='bbox 711 2136 909 2188; x_wconf 83' lang='lat' dir='ltr'><strong>proferre.</strong></span> <span class='ocrx_word' id='word_1_264' title='bbox 950 2149 1028 2175; x_wconf 90' lang='lat' dir='ltr'><strong>nec</strong></span> <span class='ocrx_word' id='word_1_265' title='bbox 1048 2135 1170 2176; x_wconf 86' lang='lat' dir='ltr'><strong>aliter</strong></span> <span class='ocrx_word' id='word_1_266' title='bbox 1190 2134 1352 2174; x_wconf 86' lang='lat' dir='ltr'><strong>codices</strong></span> <span class='ocrx_word' id='word_1_267' title='bbox 1373 2147 1403 2172; x_wconf 82' lang='grc' dir='ltr'><strong>π</strong></span> <span class='ocrx_word' id='word_1_268' title='bbox 1424 2140 1465 2174; x_wconf 89' lang='lat' dir='ltr'><strong>et</strong></span> <span class='ocrx_word' id='word_1_269' title='bbox 1485 2135 1674 2188; x_wconf 89' lang='lat' dir='ltr'><strong>Lipsien-</strong></span> <span class='ocrx_word' id='word_1_270' title='bbox 1707 2133 1863 2202; x_wconf 54' lang='grc' dir='ltr'><strong>θξῑᾶῑῇξῐξεζῑ</strong></span> 
     </span>
     <span class='ocr_line' id='line_1_31' title="bbox 135 2203 1679 2256; baseline -0.001 -12"><span class='ocrx_word' id='word_1_271' title='bbox 135 2219 222 2245; x_wconf 89' lang='lat' dir='ltr'><strong>sem</strong></span> <span class='ocrx_word' id='word_1_272' title='bbox 258 2205 586 2244; x_wconf 88' lang='lat' dir='ltr'><strong>memorauimus.</strong></span> <span class='ocrx_word' id='word_1_273' title='bbox 646 2204 856 2256; x_wconf 82' lang='lat' dir='ltr'><strong>permultis</strong></span> <span class='ocrx_word' id='word_1_274' title='bbox 895 2204 1006 2243; x_wconf 90' lang='lat' dir='ltr'><strong>enim</strong></span> <span class='ocrx_word' id='word_1_275' title='bbox 1042 2204 1143 2244; x_wconf 88' lang='lat' dir='ltr'><strong>locis</strong></span> <span class='ocrx_word' id='word_1_276' title='bbox 1180 2204 1222 2242; x_wconf 84' lang='lat' dir='ltr'><strong>hi</strong></span> <span class='ocrx_word' id='word_1_277' title='bbox 1262 2203 1343 2242; x_wconf 88' lang='lat' dir='ltr'><strong>duo</strong></span> <span class='ocrx_word' id='word_1_278' title='bbox 1375 2203 1538 2242; x_wconf 86' lang='lat' dir='ltr'><strong>codices</strong></span> <span class='ocrx_word' id='word_1_279' title='bbox 1570 2203 1679 2242; x_wconf 88' lang='lat' dir='ltr'><strong>inter</strong></span> 
     </span>
    </p>

    <p class='ocr_par' dir='ltr' id='par_1_9' title="bbox 136 2269 1679 2393">
     <span class='ocr_line' id='line_1_32' title="bbox 136 2269 1679 2321; baseline -0.003 -8"><span class='ocrx_word' id='word_1_280' title='bbox 136 2287 180 2313; x_wconf 90' lang='lat' dir='ltr'><strong>se</strong></span> <span class='ocrx_word' id='word_1_281' title='bbox 219 2274 483 2312; x_wconf 89' lang='lat' dir='ltr'><strong>consentiunt</strong></span> <span class='ocrx_word' id='word_1_282' title='bbox 519 2274 596 2321; x_wconf 88' lang='lat' dir='ltr'><strong>ita,</strong></span> <span class='ocrx_word' id='word_1_283' title='bbox 636 2278 681 2311; x_wconf 86' lang='lat' dir='ltr'><strong>ut</strong></span> <span class='ocrx_word' id='word_1_284' title='bbox 718 2272 792 2311; x_wconf 81' lang='lat' dir='ltr'><strong>has</strong></span> <span class='ocrx_word' id='word_1_285' title='bbox 831 2272 1098 2311; x_wconf 85' lang='lat' dir='ltr'><strong>consonantis</strong></span> <span class='ocrx_word' id='word_1_286' title='bbox 1134 2272 1333 2312; x_wconf 88' lang='lat' dir='ltr'><strong>lectiones</strong></span> <span class='ocrx_word' id='word_1_287' title='bbox 1371 2286 1456 2311; x_wconf 89' lang='lat' dir='ltr'><strong>una</strong></span> <span class='ocrx_word' id='word_1_288' title='bbox 1494 2277 1593 2310; x_wconf 90' lang='lat' dir='ltr'><strong>nota</strong></span> <span class='ocrx_word' id='word_1_289' title='bbox 1629 2269 1679 2308; x_wconf 80' lang='grc' dir='ltr'><strong>π’</strong></span> 
     </span>
     <span class='ocr_line' id='line_1_33' title="bbox 137 2340 1679 2393; baseline -0.003 -11"><span class='ocrx_word' id='word_1_290' title='bbox 137 2341 565 2389; x_wconf 87' lang='lat' dir='ltr'><strong>comprehenderimus</strong></span> <span class='ocrx_word' id='word_1_291' title='bbox 597 2347 656 2389; x_wconf 90' lang='lat' dir='ltr'><strong>et,</strong></span> <span class='ocrx_word' id='word_1_292' title='bbox 690 2341 1056 2393; x_wconf 86' lang='lat' dir='ltr'><strong>quotienscumque</strong></span> <span class='ocrx_word' id='word_1_293' title='bbox 1088 2341 1250 2380; x_wconf 88' lang='lat' dir='ltr'><strong>codices</strong></span> <span class='ocrx_word' id='word_1_294' title='bbox 1284 2354 1307 2386; x_wconf 89' lang='grc' dir='ltr'><strong><em>ς</em></strong></span> <span class='ocrx_word' id='word_1_295' title='bbox 1335 2340 1679 2380; x_wconf 89' lang='lat' dir='ltr'><strong>commemorandi</strong></span> 
     </span>
    </p>

    <p class='ocr_par' dir='ltr' id='par_1_10' title="bbox 137 2398 1675 2458">
     <span class='ocr_line' id='line_1_34' title="bbox 137 2398 1675 2458; baseline -0.002 -8"><span class='ocrx_word' id='word_1_296' title='bbox 137 2416 275 2458; x_wconf 88' lang='lat' dir='ltr'><strong>erant,</strong></span> <span class='ocrx_word' id='word_1_297' title='bbox 307 2410 626 2449; x_wconf 84' lang='lat' dir='ltr'><strong>laudauerimus.</strong></span> <span class='ocrx_word' id='word_1_298' title='bbox 686 2422 715 2446; x_wconf 84' lang='grc' dir='ltr'><em>π</em></span> <span class='ocrx_word' id='word_1_299' title='bbox 745 2427 800 2441; x_wconf 92' lang='lat'><strong><em>=</em></strong></span> <span class='ocrx_word' id='word_1_300' title='bbox 831 2409 961 2448; x_wconf 84' lang='lat' dir='ltr'><strong>codex</strong></span> <span class='ocrx_word' id='word_1_301' title='bbox 989 2409 1201 2448; x_wconf 88' lang='lat' dir='ltr'><strong>Parisinus</strong></span> <span class='ocrx_word' id='word_1_302' title='bbox 1226 2410 1363 2449; x_wconf 88' lang='grc'><strong>10310</strong></span> <span class='ocrx_word' id='word_1_303' title='bbox 1393 2409 1548 2448; x_wconf 89' lang='lat' dir='ltr'><strong>saeculi</strong></span> <span class='ocrx_word' id='word_1_304' title='bbox 1574 2398 1675 2447; x_wconf 69' lang='grc' dir='ltr'>ὶ-ζ-</span> 
     </span>
    </p>

    <p class='ocr_par' dir='ltr' id='par_1_11' title="bbox 135 2467 1676 2599">
     <span class='ocr_line' id='line_1_35' title="bbox 135 2467 1676 2530; baseline -0.001 -13"><span class='ocrx_word' id='word_1_305' title='bbox 135 2467 220 2527; x_wconf 56' lang='grc' dir='ltr'><strong>ὶῇ,</strong></span> <span class='ocrx_word' id='word_1_306' title='bbox 252 2479 366 2530; x_wconf 88' lang='lat' dir='ltr'><strong>Lips.</strong></span> <span class='ocrx_word' id='word_1_307' title='bbox 396 2496 452 2510; x_wconf 91' lang='lat'><strong><em>=</em></strong></span> <span class='ocrx_word' id='word_1_308' title='bbox 489 2478 621 2517; x_wconf 84' lang='lat' dir='ltr'><strong>codex</strong></span> <span class='ocrx_word' id='word_1_309' title='bbox 650 2478 881 2529; x_wconf 87' lang='lat' dir='ltr'><strong>Lipsiensis</strong></span> <span class='ocrx_word' id='word_1_310' title='bbox 920 2491 1007 2530; x_wconf 88' lang='lat' dir='ltr'><strong>rep.</strong></span> <span class='ocrx_word' id='word_1_311' title='bbox 1038 2478 1074 2517; x_wconf 90' lang='grc' dir='ltr'><strong>Ι.</strong></span> <span class='ocrx_word' id='word_1_312' title='bbox 1105 2478 1145 2517; x_wconf 82' lang='lat'><strong>4.</strong></span> <span class='ocrx_word' id='word_1_313' title='bbox 1177 2478 1231 2516; x_wconf 87' lang='lat'><strong>38</strong></span> <span class='ocrx_word' id='word_1_314' title='bbox 1272 2476 1392 2527; x_wconf 86' lang='lat' dir='ltr'><strong>(XLI</strong></span> <span class='ocrx_word' id='word_1_315' title='bbox 1423 2476 1535 2529; x_wconf 89' lang='lat' dir='ltr'><strong>apud</strong></span> <span class='ocrx_word' id='word_1_316' title='bbox 1565 2476 1676 2515; x_wconf 87' lang='lat' dir='ltr'><strong>Nau-</strong></span> 
     </span>
     <span class='ocr_line' id='line_1_36' title="bbox 136 2535 1674 2599; baseline -0.003 -12"><span class='ocrx_word' id='word_1_317' title='bbox 136 2541 349 2598; x_wconf 86' lang='lat' dir='ltr'><strong>mannum)</strong></span> <span class='ocrx_word' id='word_1_318' title='bbox 381 2547 535 2586; x_wconf 88' lang='lat' dir='ltr'><strong>saeculi</strong></span> <span class='ocrx_word' id='word_1_319' title='bbox 561 2535 625 2594; x_wconf 56' lang='grc' dir='ltr'><strong>ἶ,</strong></span> <span class='ocrx_word' id='word_1_320' title='bbox 659 2558 831 2598; x_wconf 90' lang='lat' dir='ltr'><strong>quorum</strong></span> <span class='ocrx_word' id='word_1_321' title='bbox 859 2546 973 2585; x_wconf 88' lang='lat' dir='ltr'><strong>illum</strong></span> <span class='ocrx_word' id='word_1_322' title='bbox 1005 2546 1172 2599; x_wconf 88' lang='lat' dir='ltr'><strong>quidem</strong></span> <span class='ocrx_word' id='word_1_323' title='bbox 1200 2545 1280 2597; x_wconf 90' lang='lat' dir='ltr'><strong>ipsi</strong></span> <span class='ocrx_word' id='word_1_324' title='bbox 1304 2545 1494 2584; x_wconf 87' lang='lat' dir='ltr'><strong>Lutetiae</strong></span> <span class='ocrx_word' id='word_1_325' title='bbox 1527 2545 1674 2584; x_wconf 88' lang='lat' dir='ltr'><strong>descri-</strong></span> 
     </span>
    </p>
   </div>
   <div class='ocr_carea' id='block_1_3' title="bbox 1697 1445 1875 1507">
    <p class='ocr_par' dir='ltr' id='par_1_12' title="bbox 1697 1445 1875 1507">
     <span class='ocr_line' id='line_1_37' title="bbox 1697 1445 1875 1472; baseline 0 0"><span class='ocrx_word' id='word_1_326' title='bbox 1697 1446 1790 1472; x_wconf 86' lang='lat' dir='ltr'><strong>codex</strong></span> <span class='ocrx_word' id='word_1_327' title='bbox 1811 1445 1875 1472; x_wconf 75' lang='lat' dir='ltr'><strong>Fra-</strong></span> 
     </span>
     <span class='ocr_line' id='line_1_38' title="bbox 1705 1480 1870 1507; baseline -0.006 0"><span class='ocrx_word' id='word_1_328' title='bbox 1705 1480 1870 1507; x_wconf 83' lang='lat' dir='ltr'><strong>nekeranus</strong></span> 
     </span>
    </p>
   </div>
   <div class='ocr_carea' id='block_1_4' title="bbox 1429 1781 1532 1785">
    <p class='ocr_par' dir='ltr' id='par_1_13' title="bbox 1429 1781 1532 1785">
     <span class='ocr_line' id='line_1_39' title="bbox 1429 1781 1532 1785; baseline 0 0"><span class='ocrx_word' id='word_1_329' title='bbox 1429 1781 1532 1785; x_wconf 95' lang='lat' dir='ltr'><strong> </strong></span> 
     </span>
    </p>
   </div>
   <div class='ocr_carea' id='block_1_5' title="bbox 137 2714 1676 2872">
    <p class='ocr_par' dir='ltr' id='par_1_14' title="bbox 137 2714 1676 2872">
     <span class='ocr_line' id='line_1_40' title="bbox 251 2714 1676 2759; baseline -0.002 -10"><span class='ocrx_word' id='word_1_330' title='bbox 251 2715 284 2758; x_wconf 81' lang='grc'><strong>*)</strong></span> <span class='ocrx_word' id='word_1_331' title='bbox 323 2716 465 2759; x_wconf 83' lang='lat' dir='ltr'><strong>aliquot</strong></span> <span class='ocrx_word' id='word_1_332' title='bbox 494 2716 598 2749; x_wconf 90' lang='lat' dir='ltr'><strong>locos</strong></span> <span class='ocrx_word' id='word_1_333' title='bbox 623 2715 736 2748; x_wconf 82' lang='lat' dir='ltr'><strong>Eelco</strong></span> <span class='ocrx_word' id='word_1_334' title='bbox 767 2714 925 2757; x_wconf 86' lang='lat' dir='ltr'><strong>Verwijs</strong></span> <span class='ocrx_word' id='word_1_335' title='bbox 954 2715 1082 2750; x_wconf 90' lang='lat' dir='ltr'><strong>doctor</strong></span> <span class='ocrx_word' id='word_1_336' title='bbox 1113 2715 1349 2749; x_wconf 86' lang='lat' dir='ltr'><strong>doctissimus</strong></span> <span class='ocrx_word' id='word_1_337' title='bbox 1385 2717 1519 2756; x_wconf 82' lang='lat' dir='ltr'><strong>rogatu</strong></span> <span class='ocrx_word' id='word_1_338' title='bbox 1551 2716 1676 2747; x_wconf 88' lang='lat' dir='ltr'><strong>nostro</strong></span> 
     </span>
     <span class='ocr_line' id='line_1_41' title="bbox 137 2773 571 2815; baseline 0 -10"><span class='ocrx_word' id='word_1_339' title='bbox 137 2773 399 2815; x_wconf 85' lang='lat' dir='ltr'><strong>benignissime</strong></span> <span class='ocrx_word' id='word_1_340' title='bbox 425 2773 571 2806; x_wconf 88' lang='lat' dir='ltr'><strong>reuidit.</strong></span> 
     </span>
     <span class='ocr_line' id='line_1_42' title="bbox 228 2827 1673 2872; baseline -0.002 -10"><span class='ocrx_word' id='word_1_341' title='bbox 228 2829 286 2872; x_wconf 85' lang='lat'><strong>**)</strong></span> <span class='ocrx_word' id='word_1_342' title='bbox 312 2829 356 2862; x_wconf 87' lang='lat' dir='ltr'><strong>de</strong></span> <span class='ocrx_word' id='word_1_343' title='bbox 383 2829 451 2862; x_wconf 88' lang='lat' dir='ltr'><strong>hac</strong></span> <span class='ocrx_word' id='word_1_344' title='bbox 477 2833 565 2863; x_wconf 82' lang='lat' dir='ltr'><strong>nota</strong></span> <span class='ocrx_word' id='word_1_345' title='bbox 590 2830 673 2862; x_wconf 87' lang='lat' dir='ltr'><strong>uide</strong></span> <span class='ocrx_word' id='word_1_346' title='bbox 699 2839 807 2872; x_wconf 89' lang='lat' dir='ltr'><strong>quem</strong></span> <span class='ocrx_word' id='word_1_347' title='bbox 832 2829 930 2862; x_wconf 84' lang='lat' dir='ltr'><strong>infra</strong></span> <span class='ocrx_word' id='word_1_348' title='bbox 955 2829 1162 2863; x_wconf 86' lang='lat' dir='ltr'><strong>addidimus</strong></span> <span class='ocrx_word' id='word_1_349' title='bbox 1186 2828 1345 2861; x_wconf 88' lang='lat' dir='ltr'><strong>indicem</strong></span> <span class='ocrx_word' id='word_1_350' title='bbox 1364 2827 1673 2871; x_wconf 86' lang='lat' dir='ltr'><strong>compendiorum.</strong></span> 
     </span>
    </p>
   </div>
  </div>
 </body>
</html>
