1890 3106
784 128 867 156 1213.
897 129 931 156 11
961 130 994 162 1,
1019 129 1120 155 ’τε-99
1635 114 1720 157 293

292 241 480 282 inberbes
510 241 706 286 didicere,
739 254 857 281 senes
887 240 1091 294 perdenda
1123 242 1253 282 fateri.
1676 247 1718 279 85

292 318 370 355 iam
403 315 553 356 Saliare
583 315 736 356 Numae
767 327 927 356 carmen
957 317 1026 369 qui
1056 315 1190 356 laudat
1221 321 1259 356 et
1290 315 1407 362 illud,

294 390 399 442 quod
432 402 586 430 mecum
619 391 793 442 ignorat,
826 390 933 430 solus
964 389 1080 430 *uolt
1109 391 1213 430 scire
1245 390 1394 435 uideri,

293 465 463 516 ingeniis
494 477 573 505 non
603 463 671 504 ille
703 465 809 505 fauet
839 463 1071 518 plauditque
1102 464 1288 517 sepultis,

293 544 429 579 nostra
461 538 529 578 sed
560 539 773 591 inpugnat,
807 551 879 578 nos
909 543 1125 591 nostraque
1155 538 1302 579 liuidus
1332 538 1427 579 odit.

293 612 435 665 quodsi
465 618 545 652 tam
576 613 738 653 Graecis
770 614 927 652 nouitas
956 614 1084 652 inuisa
1115 613 1256 652 fuisset
1675 620 1719 650 90

223 710 228 715 ·
294 699 411 740 quam
444 686 576 732 nobis,
609 686 701 737 quid
735 699 839 726 nunc
873 692 977 743 esset
1009 686 1148 726 uetus?
1179 692 1247 726 aut
1277 687 1371 739 quid
1403 687 1587 733 haberet,

292 761 398 815 quod
430 760 580 812 legeret
611 766 838 813 tereretque
869 761 1024 801 uiritim
1055 759 1240 812 publicus
1271 762 1388 801 usus?

294 841 338 875 ut
367 837 544 888 primum
574 835 712 887 positis
735 836 884 886 nugari
915 835 1081 876 Graecia
1113 834 1227 875 bellis

295 911 426 962 coepit
457 915 496 949 et
525 910 566 948 in
598 909 736 949 uitium
768 910 925 949 fortuna
956 908 1083 950 labier
1114 921 1260 961 aequa,

294 996 401 1024 nunc
431 982 668 1023 athletarum
698 984 858 1030 studiis,
891 996 998 1025 nunc
1028 984 1125 1023 arsit
1156 995 1371 1036 equorum,
1676 991 1719 1022 95

293 1058 506 1098 marmoris
536 1063 605 1098 aut
637 1057 769 1097 eboris
799 1057 933 1098 fabros
963 1063 1030 1098 aut
1060 1059 1163 1098 aeris
1194 1060 1358 1104 amauit,

294 1131 502 1183 suspendit
531 1132 634 1184 picta
666 1131 817 1172 uoltum
849 1137 1104 1185 mentemque
1134 1132 1298 1191 tabella,

294 1218 402 1246 nunc
431 1205 680 1254 tibicinibus,
712 1219 820 1247 nunc
851 1212 911 1247 est
940 1208 1078 1260 gauisa
1111 1207 1334 1259 tragoedis;

294 1279 367 1321 sub
398 1281 555 1321 nutrice
584 1280 715 1334 puella
748 1280 858 1322 uelut
887 1282 922 1321 si
951 1281 1110 1322 luderet
1136 1281 1286 1328 infans,

180 1455 450 1484 TESTIMONIA.

272 1521 316 1554 85
340 1520 388 1554 cf.
411 1520 610 1553 Petronius
635 1524 704 1553 sat.
729 1522 768 1553 4:
801 1520 921 1564 ‘quod
953 1522 1107 1564 quisque
1138 1532 1332 1565 perperam
1363 1521 1512 1565 didicit,
1545 1524 1583 1555 in
1615 1533 1722 1556 sene-

182 1569 284 1599 ctute
309 1564 477 1599 confiteri
501 1576 575 1598 non
598 1566 702 1598 uult’
816 1568 861 1600 86
893 1566 979 1600 ‘illa
1010 1568 1125 1600 uerba
1155 1567 1336 1600 Saliaria’
1369 1571 1548 1601 memorat
1579 1568 1722 1611 Apolli—

182 1622 260 1644 ηδτ.
279 1610 451 1644 Sidonius
475 1611 585 1655 epist.
609 1612 647 1652 8,
675 1613 717 1644 16
815 1613 859 1645 87
886 1612 1090 1646 Gerbertus
1115 1614 1224 1656 epist.
1247 1613 1308 1645 161
1337 1610 1533 1657 [historiae
1559 1615 1722 1648 Franco-

181 1667 260 1690 rum
285 1658 454 1700 scriptor.
480 1657 537 1690 ed.
564 1657 612 1690 du
637 1656 781 1691 Chesne
805 1658 842 1690 11
867 1669 902 1700 p.
928 1656 1032 1702 827J:
1065 1658 1166 1692 ‘uult
1191 1662 1316 1692 tamen
1341 1659 1462 1692 uideri
1489 1659 1588 1693 solus
1614 1661 1722 1701 scire,

183 1702 279 1746 quod
303 1713 445 1737 mecum
469 1704 634 1746 ignorat,
660 1707 702 1736 ut
729 1703 783 1736 ait
807 1703 986 1737 Flaccus’

181 1855 312 1883 VARIA
340 1854 494 1883 LECTIO
500 1871 508 1879 .

298 1923 351 1961 85
382 1922 553 1960 inberbes
582 1936 606 1972 γ
634 1924 672 1960 F
690 1935 707 1960 ε
729 1919 827 1970 (π’σ
848 1935 871 1959 α
892 1925 919 1960 d
937 1936 960 1960 r
980 1936 1005 1960 v
1034 1930 1068 1959 et
1096 1922 1238 1972 Fran.)
1271 1926 1436 1974 florileg).
1469 1926 1719 1964 Nostradam.

183 1980 365 2018 lmberbes
398 1976 491 2026 EL'
512 1979 549 2028 (9
570 1986 602 2015 et
623 1978 662 2030 β)
693 1982 954 2027 Hepidannus
987 1981 1140 2015 lmberbi
1176 1980 1368 2029 cruquius
1398 1989 1432 2017 et
1463 1982 1667 2020 Bentleius

184 2038 237 2076 87
271 2037 350 2082 Quo
381 2038 451 2074 E1
529 2038 675 2086 ignoret
705 2050 722 2074 ε
738 2050 804 2085 pr.
884 2037 967 2074 uult
995 2034 1122 2082 52‘30
1211 2038 1264 2076 88
1296 2038 1463 2087 sepultus
1483 2052 1508 2089 γ
1525 2050 1553 2086 y
1574 2038 1613 2090 (γ
1633 2052 1721 2078 uar.

184 2094 352 2144 sepultis)
455 2094 507 2133 89
539 2093 594 2132 s&
613 2107 637 2144 γ
723 2096 903 2144 inpugnat
924 2095 963 2132 E
978 2108 1003 2145 γ
1022 2095 1060 2131 F
1077 2107 1095 2133 ε
1115 2090 1210 2143 (π’σ
1231 2108 1256 2132 α
1277 2096 1304 2131 d
1323 2107 1346 2131 r
1365 2108 1391 2132 υ
1411 2103 1444 2132 et
1463 2094 1503 2146 β)
1534 2097 1724 2146 impugnat

184 2149 223 2188 λ’
245 2150 283 2201 (9
303 2158 336 2187 et
356 2153 500 2197 Fran.)
596 2151 651 2189 90
681 2153 819 2199 graecis
840 2164 858 2189 ε
877 2149 992 2200 ΡρῘι.’.
1019 2151 1094 2197 &cis
1126 2166 1150 2189 a
1169 2166 1194 2202 9
1213 2154 1226 2190 l
1237 2169 1249 2194 ‚-
1270 2153 1309 2189 E
1335 2165 1412 2191 non
1441 2155 1574 2202 liquet,
1605 2155 1724 2203 grecis

186 2213 275 2246 cett.
298 2205 355 2252 ς”
387 2209 513 2243 Graiis
546 2209 745 2246 Bentleius
839 2209 889 2246 91
925 2209 1010 2258 quid
1042 2206 1156 2261 nunc]
1191 2221 1217 2257 q
1246 2204 1293 2248 ᾗ
1321 2227 1378 2241 =
1408 2210 1506 2260 quod
1537 2222 1634 2248 nunc
1654 2212 1725 2248 Ει

186 2259 368 2337 quidnunc
385 2287 406 2324 λ
464 2287 613 2325 haberes
631 2288 687 2325 F1
699 2284 739 2323 λ’
756 2288 796 2336 (d
809 2295 842 2325 et
855 2299 884 2325 π
898 2287 926 2336 1)
986 2288 1038 2327 92
1062 2289 1151 2335 Quid
1167 2300 1208 2327 ει
1268 2294 1480 2339 tereretque
1497 2287 1634 2340 Εγλ’2
1652 2290 1724 2339 (σα

186 2348 212 2383 d
230 2359 252 2382 r
273 2358 299 2382 v
320 2352 352 2381 et
373 2344 413 2396 β)
434 2350 642 2394 teretetque
663 2356 681 2381 ε
701 2350 881 2395 teneretq.
898 2346 936 2382 F
948 2356 961 2383 1
977 2346 998 2383 λ
1017 2359 1055 2384 α.
1076 2358 1158 2384 ras.
1178 2345 1227 2395 (et
1244 2347 1370 2385 Fran.
1391 2347 1418 2394 ι)
1439 2350 1625 2393 terretq3l
1648 2358 1660 2384 1
1678 2346 1725 2396 (et

186 2402 306 2450 Lips.)
328 2406 559 2448 terreretque
579 2415 604 2451 9
664 2403 796 2439 uiritim
818 2397 942 2447 ῼ’ς”
965 2403 1128 2449 quiritim
1142 2415 1169 2451 y
1193 2400 1297 2455 [eod.
1320 2400 1515 2455 Lambini]
1548 2404 1724 2451 quiritum

184 2473 211 2509 y
233 2456 335 2510 [cod.
369 2460 498 2497 Vrsini
515 2456 582 2510 (?)]
606 2460 652 2496 F.
686 2460 861 2506 Vrsinus,
882 2462 1012 2507 recepit
1030 2460 1115 2499 Fea
1192 2461 1365 2507 puplicus
1386 2474 1408 2497 r
1424 2472 1437 2498 1
1459 2460 1509 2509 (ct
1526 2461 1667 2509 Fran.)

184 2517 239 2555 -93
264 2517 407 2565 graecia
425 2529 450 2566 γ
472 2513 524 2566 (α)
555 2517 676 2565 grecia
695 2516 716 2553 λ
734 2529 750 2553 ε
772 2517 890 2566 gretia
911 2518 950 2554 E
966 2517 1006 2555 F
1103 2517 1156 2556 94
1178 2518 1291 2568 Caepit
1310 2531 1342 2567 φ
1363 2518 1466 2567 Cepit
1485 2518 1507 2555 λ
1591 2519 1725 2556 uicium

186 2573 208 2610 λ
228 2586 246 2611 ε
273 2574 340 2621 Pf.
373 2573 487 2621 Porf.
517 2574 645 2610 uitium
677 2578 765 2611 cett.
789 2573 888 2623 Ppk.
911 2575 1057 2623 Porph.
1090 2586 1246 2610 uacuum
1278 2575 1487 2613 Schiitzius
1517 2576 1636 2610 lusum
1667 2578 1726 2612 uel

655 2634 673 2662 ‘l'
692 2635 783 2663 labier

186 2676 351 2722 requiem
371 2676 557 2713 Lekrsius
634 2675 739 2714 libier
758 2689 781 2726 γ
877 2676 930 2715 95
953 2676 1170 2715 athletarum
1186 2691 1210 2728 γ
1225 2689 1256 2725 φ
1273 2677 1312 2726 (α
1329 2679 1356 2715 d
1368 2677 1407 2725 v)
1429 2674 1544 2726 Pph!
1574 2677 1725 2716 atl&ar1'1

187 2733 227 2770 E
253 2732 477 2770 adhletarum
507 2738 543 2781 ψ
562 2728 602 2769 λ’
633 2733 847 2770 adhletharfl
877 2745 895 2770 ε
1002 2735 1072 2771 arsi
1093 2747 1134 2770 z:
1166 2747 1183 2772 ε
1319 2735 1372 2772 96
1403 2734 1592 2772 Mormoris
1624 2736 1663 2772 E

189 2789 241 2827 97
272 2788 450 2839 Suspendi
480 2802 499 2827 ε
643 2790 783 2828 uoltum
817 2790 855 2827 E
871 2803 897 2839 y
917 2787 1194 2842 [Corbeianus]
1237 2791 1378 2829 uultum
1408 2783 1511 2829 cetis
1528 2788 1582 2837 ς”

190 2845 243 2884 98
274 2845 375 2883 Tunc
395 2847 434 2883 F
451 2857 465 2883 1
485 2839 548 2884 λί
569 2846 610 2896 (d
628 2854 660 2884 ct
681 2859 710 2884 π
732 2858 741 2883 1
776 2851 817 2884 ut
848 2846 941 2896 uid.)
1058 2848 1111 2886 99
1144 2848 1254 2886 uelud
1285 2861 1315 2896 φ
1334 2860 1398 2897 pr.
1421 2860 1439 2886 ε
