<?xml version="1.0" encoding="UTF-8"?>
<!DOCTYPE html PUBLIC "-//W3C//DTD XHTML 1.0 Transitional//EN"
    "http://www.w3.org/TR/xhtml1/DTD/xhtml1-transitional.dtd">
<html xmlns="http://www.w3.org/1999/xhtml" xml:lang="en" lang="en">
 <head>
  <title>
</title>
<meta http-equiv="Content-Type" content="text/html;charset=utf-8" />
  <meta name='ocr-system' content='tesseract 3.04.00' />
  <meta name='ocr-capabilities' content='ocr_page ocr_carea ocr_par ocr_line ocrx_word'/>
</head>
<body>
  <div class='ocr_page' id='page_1' title='image "./operahor02horauoft_0358.png"; bbox 0 0 1890 3106; ppageno 0'>
   <div class='ocr_carea' id='block_1_1' title="bbox 205 113 1234 158">
    <p class='ocr_par' dir='ltr' id='par_1_1' title="bbox 205 113 1234 158">
     <span class='ocr_line' id='line_1_1' title="bbox 205 113 1234 158; baseline 0 -4"><span class='ocrx_word' id='word_1_1' title='bbox 205 113 290 155; x_wconf 81' lang='lat'><strong><em>324</em></strong></span> <span class='ocrx_word' id='word_1_2' title='bbox 712 154 716 156; x_wconf 71' lang='grc'><strong>,</strong></span> <span class='ocrx_word' id='word_1_3' title='bbox 752 127 912 155; x_wconf 77' lang='lat' dir='ltr'>HORATI</span> <span class='ocrx_word' id='word_1_4' title='bbox 939 127 1234 158; x_wconf 74' lang='lat' dir='ltr'>EPISTVLARVM</span> 
     </span>
    </p>
   </div>
   <div class='ocr_carea' id='block_1_2' title="bbox 319 239 1736 660">
    <p class='ocr_par' dir='ltr' id='par_1_2' title="bbox 320 239 1736 365">
     <span class='ocr_line' id='line_1_2' title="bbox 320 239 1736 290; baseline 0.001 -13"><span class='ocrx_word' id='word_1_5' title='bbox 320 251 421 278; x_wconf 81' lang='lat' dir='ltr'><strong><em>naue</em></strong></span> <span class='ocrx_word' id='word_1_6' title='bbox 452 239 557 278; x_wconf 80' lang='lat' dir='ltr'><em>ferar</em></span> <span class='ocrx_word' id='word_1_7' title='bbox 589 250 731 288; x_wconf 82' lang='lat' dir='ltr'>magna</span> <span class='ocrx_word' id='word_1_8' title='bbox 762 250 812 277; x_wconf 81' lang='lat' dir='ltr'><strong><em>an</em></strong></span> <span class='ocrx_word' id='word_1_9' title='bbox 842 251 987 290; x_wconf 84' lang='lat' dir='ltr'><strong>parua,</strong></span> <span class='ocrx_word' id='word_1_10' title='bbox 1019 240 1125 279; x_wconf 80' lang='lat' dir='ltr'><strong>ferar</strong></span> <span class='ocrx_word' id='word_1_11' title='bbox 1156 250 1259 279; x_wconf 87' lang='lat' dir='ltr'><strong>unus</strong></span> <span class='ocrx_word' id='word_1_12' title='bbox 1289 244 1329 279; x_wconf 81' lang='lat' dir='ltr'><strong><em>et</em></strong></span> <span class='ocrx_word' id='word_1_13' title='bbox 1357 240 1475 280; x_wconf 83' lang='lat' dir='ltr'><strong><em>idem.</em></strong></span> <span class='ocrx_word' id='word_1_14' title='bbox 1667 246 1736 278; x_wconf 83' lang='lat'><strong><em>200</em></strong></span> 
     </span>
     <span class='ocr_line' id='line_1_3' title="bbox 321 311 1359 365; baseline 0 -14"><span class='ocrx_word' id='word_1_15' title='bbox 321 325 400 351; x_wconf 89' lang='lat' dir='ltr'><strong><em>non</em></strong></span> <span class='ocrx_word' id='word_1_16' title='bbox 432 312 587 362; x_wconf 79' lang='lat' dir='ltr'><strong>agimur</strong></span> <span class='ocrx_word' id='word_1_17' title='bbox 620 311 780 351; x_wconf 83' lang='lat' dir='ltr'><strong>tumidis</strong></span> <span class='ocrx_word' id='word_1_18' title='bbox 811 311 909 352; x_wconf 87' lang='lat' dir='ltr'><strong>uelis</strong></span> <span class='ocrx_word' id='word_1_19' title='bbox 938 312 1133 365; x_wconf 80' lang='lat' dir='ltr'>Aquilone</span> <span class='ocrx_word' id='word_1_20' title='bbox 1164 312 1359 353; x_wconf 81' lang='lat' dir='ltr'><strong><em>secundo:</em></strong></span> 
     </span>
    </p>

    <p class='ocr_par' dir='ltr' id='par_1_3' title="bbox 320 384 1384 433">
     <span class='ocr_line' id='line_1_4' title="bbox 320 384 1384 433; baseline 0.002 -9"><span class='ocrx_word' id='word_1_21' title='bbox 320 398 398 424; x_wconf 87' lang='lat' dir='ltr'><strong><em>non</em></strong></span> <span class='ocrx_word' id='word_1_22' title='bbox 429 391 561 424; x_wconf 83' lang='lat' dir='ltr'><em>tamen</em></span> <span class='ocrx_word' id='word_1_23' title='bbox 593 384 772 426; x_wconf 82' lang='lat' dir='ltr'><strong><em>aduersis</em></strong></span> <span class='ocrx_word' id='word_1_24' title='bbox 802 391 970 426; x_wconf 78' lang='lat' dir='ltr'><strong><em>aetatem</em></strong></span> <span class='ocrx_word' id='word_1_25' title='bbox 1003 386 1182 426; x_wconf 85' lang='lat' dir='ltr'><strong>ducimus</strong></span> <span class='ocrx_word' id='word_1_26' title='bbox 1212 388 1384 433; x_wconf 72' lang='lat' dir='ltr'><strong>Austris,</strong></span> 
     </span>
    </p>

    <p class='ocr_par' dir='ltr' id='par_1_4' title="bbox 319 458 1310 512">
     <span class='ocr_line' id='line_1_5' title="bbox 319 458 1310 512; baseline 0.002 -14"><span class='ocrx_word' id='word_1_27' title='bbox 319 458 491 504; x_wconf 83' lang='lat' dir='ltr'><strong>uiribus,</strong></span> <span class='ocrx_word' id='word_1_28' title='bbox 524 459 706 510; x_wconf 84' lang='lat' dir='ltr'><strong><em>ingenio,</em></strong></span> <span class='ocrx_word' id='word_1_29' title='bbox 738 461 892 512; x_wconf 80' lang='lat' dir='ltr'><em>specie,</em></span> <span class='ocrx_word' id='word_1_30' title='bbox 922 461 1092 506; x_wconf 80' lang='lat' dir='ltr'><strong><em>uirtute,</em></strong></span> <span class='ocrx_word' id='word_1_31' title='bbox 1125 459 1234 507; x_wconf 81' lang='lat' dir='ltr'><strong><em>loco,&#39;</em></strong></span> <span class='ocrx_word' id='word_1_32' title='bbox 1264 473 1310 500; x_wconf 84' lang='lat' dir='ltr'><strong><em>re</em></strong></span> 
     </span>
    </p>

    <p class='ocr_par' dir='ltr' id='par_1_5' title="bbox 320 533 1334 586">
     <span class='ocr_line' id='line_1_6' title="bbox 320 533 1334 586; baseline 0.001 -14"><span class='ocrx_word' id='word_1_33' title='bbox 320 533 487 573; x_wconf 75' lang='lat' dir='ltr'>extremi</span> <span class='ocrx_word' id='word_1_34' title='bbox 517 533 757 584; x_wconf 83' lang='lat' dir='ltr'><strong>primorum,</strong></span> <span class='ocrx_word' id='word_1_35' title='bbox 791 535 979 574; x_wconf 80' lang='lat' dir='ltr'>extremis</span> <span class='ocrx_word' id='word_1_36' title='bbox 1010 546 1137 585; x_wconf 87' lang='lat' dir='ltr'><strong>usque</strong></span> <span class='ocrx_word' id='word_1_37' title='bbox 1167 535 1334 586; x_wconf 78' lang='lat' dir='ltr'><strong>priores.</strong></span> 
     </span>
    </p>

    <p class='ocr_par' dir='ltr' id='par_1_6' title="bbox 320 605 1736 660">
     <span class='ocr_line' id='line_1_7' title="bbox 320 605 1736 660; baseline 0 -14"><span class='ocrx_word' id='word_1_38' title='bbox 320 619 398 646; x_wconf 87' lang='lat' dir='ltr'><strong><em>non</em></strong></span> <span class='ocrx_word' id='word_1_39' title='bbox 431 619 474 646; x_wconf 86' lang='lat' dir='ltr'><strong><em>es</em></strong></span> <span class='ocrx_word' id='word_1_40' title='bbox 504 619 666 647; x_wconf 82' lang='lat' dir='ltr'><strong>auarus:</strong></span> <span class='ocrx_word' id='word_1_41' title='bbox 700 607 783 647; x_wconf 85' lang='lat' dir='ltr'>abi!</span> <span class='ocrx_word' id='word_1_42' title='bbox 815 607 932 660; x_wconf 79' lang='lat' dir='ltr'><strong>quid?</strong></span> <span class='ocrx_word' id='word_1_43' title='bbox 964 613 1095 648; x_wconf 81' lang='lat' dir='ltr'><em>cetera</em></span> <span class='ocrx_word' id='word_1_44' title='bbox 1125 610 1203 648; x_wconf 83' lang='lat' dir='ltr'><strong><em>iam</em></strong></span> <span class='ocrx_word' id='word_1_45' title='bbox 1233 608 1349 648; x_wconf 87' lang='lat' dir='ltr'><strong>simul</strong></span> <span class='ocrx_word' id='word_1_46' title='bbox 1380 609 1455 648; x_wconf 81' lang='lat' dir='ltr'><strong><em>isto</em></strong></span> <span class='ocrx_word' id='word_1_47' title='bbox 1530 605 1533 607; x_wconf 63' lang='grc'>’</span> <span class='ocrx_word' id='word_1_48' title='bbox 1669 614 1736 646; x_wconf 80' lang='lat'><strong><em>205</em></strong></span> 
     </span>
    </p>
   </div>
   <div class='ocr_carea' id='block_1_3' title="bbox 207 756 535 785">
    <p class='ocr_par' dir='ltr' id='par_1_7' title="bbox 207 756 535 785">
     <span class='ocr_line' id='line_1_8' title="bbox 207 756 535 785; baseline -0.006 -1"><span class='ocrx_word' id='word_1_49' title='bbox 207 756 338 785; x_wconf 76' lang='lat' dir='ltr'>VARIA</span> <span class='ocrx_word' id='word_1_50' title='bbox 368 757 535 783; x_wconf 74' lang='lat' dir='ltr'>LEO&#39;PIO.</span> 
     </span>
    </p>
   </div>
   <div class='ocr_carea' id='block_1_4' title="bbox 207 809 1739 1032">
    <p class='ocr_par' dir='ltr' id='par_1_8' title="bbox 322 809 1736 865">
     <span class='ocr_line' id='line_1_9' title="bbox 322 809 1736 865; baseline 0.003 -17"><span class='ocrx_word' id='word_1_51' title='bbox 322 809 396 848; x_wconf 46' lang='lat' dir='ltr'><strong><em>„Qu</em></strong></span> <span class='ocrx_word' id='word_1_52' title='bbox 416 830 471 843; x_wconf 88' lang='lat'><strong><em>=</em></strong></span> <span class='ocrx_word' id='word_1_53' title='bbox 492 810 675 850; x_wconf 61' lang='lat' dir='ltr'><em>DEFA&#39;</em></span> <span class='ocrx_word' id='word_1_54' title='bbox 693 811 830 860; x_wconf 80' lang='grc' dir='ltr'><strong><em>(λ1)δ’</em></strong></span> <span class='ocrx_word' id='word_1_55' title='bbox 854 811 890 864; x_wconf 81' lang='grc' dir='ltr'><strong><em>(ὃ</em></strong></span> <span class='ocrx_word' id='word_1_56' title='bbox 905 813 966 860; x_wconf 87' lang='lat' dir='ltr'><strong><em>d);</em></strong></span> <span class='ocrx_word' id='word_1_57' title='bbox 988 810 1038 858; x_wconf 85' lang='grc' dir='ltr'><strong><em>ς”</em></strong></span> <span class='ocrx_word' id='word_1_58' title='bbox 1052 831 1107 844; x_wconf 85' lang='lat'><strong><em>=</em></strong></span> <span class='ocrx_word' id='word_1_59' title='bbox 1129 818 1196 851; x_wconf 82' lang='lat' dir='ltr'><strong><em>aut</em></strong></span> <span class='ocrx_word' id='word_1_60' title='bbox 1218 826 1346 851; x_wconf 81' lang='lat' dir='ltr'><strong><em>omnes</em></strong></span> <span class='ocrx_word' id='word_1_61' title='bbox 1363 811 1525 863; x_wconf 67' lang='lat' dir='ltr'><strong><em>codd.ss&#39;</em></strong></span> <span class='ocrx_word' id='word_1_62' title='bbox 1543 814 1583 865; x_wconf 85' lang='grc' dir='ltr'><strong><em>(β</em></strong></span> <span class='ocrx_word' id='word_1_63' title='bbox 1599 812 1736 864; x_wconf 81' lang='lat' dir='ltr'><em>Fran.)</em></span> 
     </span>
    </p>

    <p class='ocr_par' dir='ltr' id='par_1_9' title="bbox 208 866 1738 920">
     <span class='ocr_line' id='line_1_10' title="bbox 208 866 1738 920; baseline 0.003 -15"><span class='ocrx_word' id='word_1_64' title='bbox 208 884 231 906; x_wconf 86' lang='grc' dir='ltr'><em>ν</em></span> <span class='ocrx_word' id='word_1_65' title='bbox 252 866 301 905; x_wconf 83' lang='grc' dir='ltr'><strong><em>π’</em></strong></span> <span class='ocrx_word' id='word_1_66' title='bbox 323 870 366 916; x_wconf 83' lang='grc' dir='ltr'><strong><em>(π</em></strong></span> <span class='ocrx_word' id='word_1_67' title='bbox 386 869 507 917; x_wconf 79' lang='lat' dir='ltr'><em>Lips.)</em></span> <span class='ocrx_word' id='word_1_68' title='bbox 529 878 552 906; x_wconf 91' lang='grc' dir='ltr'>σ</span> <span class='ocrx_word' id='word_1_69' title='bbox 572 882 595 906; x_wconf 84' lang='lat' dir='ltr'><strong><em>a</em></strong></span> <span class='ocrx_word' id='word_1_70' title='bbox 615 883 640 918; x_wconf 76' lang='lat'><em>9</em></span> <span class='ocrx_word' id='word_1_71' title='bbox 661 883 683 906; x_wconf 84' lang='lat' dir='ltr'><em>r</em></span> <span class='ocrx_word' id='word_1_72' title='bbox 702 883 728 906; x_wconf 89' lang='grc' dir='ltr'><strong>υ</strong></span> <span class='ocrx_word' id='word_1_73' title='bbox 749 870 790 917; x_wconf 87' lang='lat' dir='ltr'><strong><em>(d</em></strong></span> <span class='ocrx_word' id='word_1_74' title='bbox 806 870 834 917; x_wconf 82' lang='lat' dir='ltr'><strong><em>l)</em></strong></span> <span class='ocrx_word' id='word_1_75' title='bbox 866 876 934 908; x_wconf 82' lang='lat' dir='ltr'><strong><em>aut</em></strong></span> <span class='ocrx_word' id='word_1_76' title='bbox 953 871 1091 907; x_wconf 66' lang='lat' dir='ltr'><strong><em>‘horum</em></strong></span> <span class='ocrx_word' id='word_1_77' title='bbox 1113 872 1220 908; x_wconf 83' lang='lat' dir='ltr'><em>codd.</em></span> <span class='ocrx_word' id='word_1_78' title='bbox 1245 882 1290 908; x_wconf 82' lang='lat' dir='ltr'><strong><em>ea</em></strong></span> <span class='ocrx_word' id='word_1_79' title='bbox 1310 883 1409 918; x_wconf 84' lang='lat' dir='ltr'><em>pars</em></span> <span class='ocrx_word' id='word_1_80' title='bbox 1433 882 1485 908; x_wconf 75' lang='lat' dir='ltr'><strong><em>ex</em></strong></span> <span class='ocrx_word' id='word_1_81' title='bbox 1505 872 1642 920; x_wconf 80' lang='lat' dir='ltr'><strong><em>quibus</em></strong></span> <span class='ocrx_word' id='word_1_82' title='bbox 1661 883 1738 909; x_wconf 82' lang='lat' dir='ltr'><strong><em>non</em></strong></span> 
     </span>
    </p>

    <p class='ocr_par' dir='ltr' id='par_1_10' title="bbox 207 927 1739 1032">
     <span class='ocr_line' id='line_1_11' title="bbox 207 927 1739 977; baseline 0.002 -14"><span class='ocrx_word' id='word_1_83' title='bbox 207 929 309 964; x_wconf 78' lang='lat' dir='ltr'><em>aliae</em></span> <span class='ocrx_word' id='word_1_84' title='bbox 338 928 522 963; x_wconf 83' lang='lat' dir='ltr'><em>lectiones</em></span> <span class='ocrx_word' id='word_1_85' title='bbox 551 931 738 963; x_wconf 79' lang='lat' dir='ltr'><strong><em>notantur</em></strong></span> <span class='ocrx_word' id='word_1_86' title='bbox 745 944 757 969; x_wconf 90' lang='lat'><strong><em>,·</em></strong></span> <span class='ocrx_word' id='word_1_87' title='bbox 789 939 812 971; x_wconf 87' lang='grc' dir='ltr'><strong><em>ς</em></strong></span> <span class='ocrx_word' id='word_1_88' title='bbox 838 942 896 959; x_wconf 80' lang='lat'><strong><em>=</em></strong></span> <span class='ocrx_word' id='word_1_89' title='bbox 925 933 994 964; x_wconf 80' lang='lat' dir='ltr'><strong><em>aut</em></strong></span> <span class='ocrx_word' id='word_1_90' title='bbox 1024 938 1151 964; x_wconf 81' lang='lat' dir='ltr'><strong><em>omnes</em></strong></span> <span class='ocrx_word' id='word_1_91' title='bbox 1174 929 1280 965; x_wconf 84' lang='lat' dir='ltr'><strong><em>codd.</em></strong></span> <span class='ocrx_word' id='word_1_92' title='bbox 1305 939 1327 962; x_wconf 93' lang='lat' dir='ltr'><em>v</em></span> <span class='ocrx_word' id='word_1_93' title='bbox 1347 936 1369 963; x_wconf 85' lang='lat'>6</span> <span class='ocrx_word' id='word_1_94' title='bbox 1390 941 1414 964; x_wconf 89' lang='lat' dir='ltr'><strong><em>a</em></strong></span> <span class='ocrx_word' id='word_1_95' title='bbox 1433 941 1458 977; x_wconf 78' lang='lat'><strong><em>9</em></strong></span> <span class='ocrx_word' id='word_1_96' title='bbox 1479 940 1502 965; x_wconf 85' lang='lat' dir='ltr'><em>r</em></span> <span class='ocrx_word' id='word_1_97' title='bbox 1519 940 1546 964; x_wconf 86' lang='lat' dir='ltr'><strong><em>v</em></strong></span> <span class='ocrx_word' id='word_1_98' title='bbox 1567 927 1608 976; x_wconf 86' lang='lat' dir='ltr'><strong><em>(d</em></strong></span> <span class='ocrx_word' id='word_1_99' title='bbox 1623 927 1651 976; x_wconf 83' lang='lat' dir='ltr'><strong><em>l)</em></strong></span> <span class='ocrx_word' id='word_1_100' title='bbox 1670 932 1739 966; x_wconf 81' lang='lat' dir='ltr'><strong><em>aut</em></strong></span> 
     </span>
     <span class='ocr_line' id='line_1_12' title="bbox 271 984 1673 1032; baseline 0.002 -12"><span class='ocrx_word' id='word_1_101' title='bbox 271 986 408 1020; x_wconf 73' lang='lat' dir='ltr'><strong><em>horum</em></strong></span> <span class='ocrx_word' id='word_1_102' title='bbox 440 984 549 1020; x_wconf 84' lang='lat' dir='ltr'><em>codd.</em></span> <span class='ocrx_word' id='word_1_103' title='bbox 581 994 627 1019; x_wconf 83' lang='lat' dir='ltr'><strong><em>ea</em></strong></span> <span class='ocrx_word' id='word_1_104' title='bbox 654 996 756 1030; x_wconf 83' lang='lat' dir='ltr'><em>pars</em></span> <span class='ocrx_word' id='word_1_105' title='bbox 787 995 839 1021; x_wconf 76' lang='lat' dir='ltr'><strong><em>ex</em></strong></span> <span class='ocrx_word' id='word_1_106' title='bbox 868 986 1005 1032; x_wconf 80' lang='lat' dir='ltr'><strong><em>quibus</em></strong></span> <span class='ocrx_word' id='word_1_107' title='bbox 1034 997 1110 1022; x_wconf 85' lang='lat' dir='ltr'><strong><em>non</em></strong></span> <span class='ocrx_word' id='word_1_108' title='bbox 1141 987 1244 1022; x_wconf 77' lang='lat' dir='ltr'><em>aliae</em></span> <span class='ocrx_word' id='word_1_109' title='bbox 1272 987 1456 1022; x_wconf 76' lang='lat' dir='ltr'><em>lectiones</em></span> <span class='ocrx_word' id='word_1_110' title='bbox 1485 990 1673 1023; x_wconf 80' lang='lat' dir='ltr'><strong><em>notantur</em></strong></span> 
     </span>
    </p>
   </div>
   <div class='ocr_carea' id='block_1_5' title="bbox 208 1049 1747 1952">
    <p class='ocr_par' dir='ltr' id='par_1_11' title="bbox 208 1049 1747 1952">
     <span class='ocr_line' id='line_1_13' title="bbox 209 1049 1744 1103; baseline -0.003 -11"><span class='ocrx_word' id='word_1_111' title='bbox 209 1052 399 1092; x_wconf 77' lang='lat' dir='ltr'><em>Meinelc.,·</em></span> <span class='ocrx_word' id='word_1_112' title='bbox 430 1050 558 1097; x_wconf 81' lang='lat' dir='ltr'><strong>procul</strong></span> <span class='ocrx_word' id='word_1_113' title='bbox 579 1051 707 1095; x_wconf 88' lang='lat' dir='ltr'><strong>procul</strong></span> <span class='ocrx_word' id='word_1_114' title='bbox 728 1051 825 1085; x_wconf 77' lang='lat' dir='ltr'>absit</span> <span class='ocrx_word' id='word_1_115' title='bbox 843 1065 869 1100; x_wconf 77' lang='lat' dir='ltr'><strong><em>y</em></strong></span> <span class='ocrx_word' id='word_1_116' title='bbox 891 1049 933 1102; x_wconf 91' lang='lat'><strong><em>[1</em></strong></span> <span class='ocrx_word' id='word_1_117' title='bbox 958 1053 1041 1089; x_wconf 85' lang='lat' dir='ltr'><strong><em>cod.</em></strong></span> <span class='ocrx_word' id='word_1_118' title='bbox 1062 1049 1286 1103; x_wconf 82' lang='lat' dir='ltr'><strong><em>Pulmanm&#39;]</em></strong></span> <span class='ocrx_word' id='word_1_119' title='bbox 1311 1053 1508 1090; x_wconf 76' lang='lat' dir='ltr'><em>Bentleias</em></span> <span class='ocrx_word' id='word_1_120' title='bbox 1526 1053 1583 1088; x_wconf 77' lang='lat' dir='ltr'><strong><em>&#39;cui</em></strong></span> <span class='ocrx_word' id='word_1_121' title='bbox 1597 1053 1744 1100; x_wconf 76' lang='lat' dir='ltr'><strong><em>plurimi</em></strong></span> 
     </span>
     <span class='ocr_line' id='line_1_14' title="bbox 209 1109 1741 1156; baseline 0.001 -13"><span class='ocrx_word' id='word_1_122' title='bbox 209 1110 465 1154; x_wconf 65' lang='lat' dir='ltr'><strong><em>adstipulanses</em></strong></span> <span class='ocrx_word' id='word_1_123' title='bbox 491 1110 743 1154; x_wconf 75' lang='lat' dir='ltr'><strong><em>praetulerunt</em></strong></span> <span class='ocrx_word' id='word_1_124' title='bbox 771 1110 874 1143; x_wconf 82' lang='lat' dir='ltr'><strong><em>istam</em></strong></span> <span class='ocrx_word' id='word_1_125' title='bbox 904 1109 1145 1155; x_wconf 79' lang='lat' dir='ltr'><em>repetitionem</em></span> <span class='ocrx_word' id='word_1_126' title='bbox 1176 1110 1275 1144; x_wconf 76' lang='lat' dir='ltr'><strong><em>nimis</em></strong></span> <span class='ocrx_word' id='word_1_127' title='bbox 1303 1111 1358 1144; x_wconf 77' lang='lat' dir='ltr'><strong><em>hic</em></strong></span> <span class='ocrx_word' id='word_1_128' title='bbox 1394 1111 1573 1156; x_wconf 76' lang='lat' dir='ltr'><strong><em>tragicam</em></strong></span> <span class='ocrx_word' id='word_1_129' title='bbox 1608 1111 1666 1145; x_wconf 80' lang='lat' dir='ltr'><strong><em>uel</em></strong></span> <span class='ocrx_word' id='word_1_130' title='bbox 1701 1116 1741 1146; x_wconf 74' lang='lat' dir='ltr'><strong><em>ut</em></strong></span> 
     </span>
     <span class='ocr_line' id='line_1_15' title="bbox 208 1161 1742 1217; baseline 0 -17"><span class='ocrx_word' id='word_1_131' title='bbox 208 1179 286 1200; x_wconf 85' lang='lat' dir='ltr'><strong><em>cum</em></strong></span> <span class='ocrx_word' id='word_1_132' title='bbox 309 1166 479 1202; x_wconf 82' lang='lat' dir='ltr'><strong><em>Gesnero</em></strong></span> <span class='ocrx_word' id='word_1_133' title='bbox 510 1167 698 1209; x_wconf 79' lang='lat' dir='ltr'><strong><em>loquamur</em></strong></span> <span class='ocrx_word' id='word_1_134' title='bbox 724 1161 998 1212; x_wconf 71' lang='lat' dir='ltr'><strong><em>paratv-agicam</em></strong></span> <span class='ocrx_word' id='word_1_135' title='bbox 1027 1166 1131 1200; x_wconf 88' lang='lat' dir='ltr'><strong><em>domo</em></strong></span> <span class='ocrx_word' id='word_1_136' title='bbox 1151 1166 1279 1212; x_wconf 86' lang='lat' dir='ltr'><strong>procul</strong></span> <span class='ocrx_word' id='word_1_137' title='bbox 1300 1166 1397 1200; x_wconf 76' lang='lat' dir='ltr'>absit</span> <span class='ocrx_word' id='word_1_138' title='bbox 1415 1179 1441 1214; x_wconf 73' lang='lat' dir='ltr'><em>y</em></span> <span class='ocrx_word' id='word_1_139' title='bbox 1461 1163 1506 1217; x_wconf 88' lang='lat' dir='ltr'><strong><em>[l</em></strong></span> <span class='ocrx_word' id='word_1_140' title='bbox 1530 1168 1613 1204; x_wconf 84' lang='lat' dir='ltr'><strong><em>cod.</em></strong></span> <span class='ocrx_word' id='word_1_141' title='bbox 1635 1167 1742 1204; x_wconf 81' lang='lat' dir='ltr'><strong><em>Feae</em></strong></span> 
     </span>
     <span class='ocr_line' id='line_1_16' title="bbox 209 1218 1741 1272; baseline -0.001 -15"><span class='ocrx_word' id='word_1_142' title='bbox 209 1229 241 1257; x_wconf 79' lang='lat' dir='ltr'><strong><em>et</em></strong></span> <span class='ocrx_word' id='word_1_143' title='bbox 264 1222 284 1259; x_wconf 95' lang='grc'><strong>1</strong></span> <span class='ocrx_word' id='word_1_144' title='bbox 311 1218 534 1272; x_wconf 77' lang='lat' dir='ltr'><em>Pulmarmi]</em></span> <span class='ocrx_word' id='word_1_145' title='bbox 567 1221 673 1256; x_wconf 89' lang='lat' dir='ltr'><strong><em>domu</em></strong></span> <span class='ocrx_word' id='word_1_146' title='bbox 694 1222 822 1268; x_wconf 87' lang='lat' dir='ltr'><strong>procul</strong></span> <span class='ocrx_word' id='word_1_147' title='bbox 847 1222 943 1256; x_wconf 80' lang='lat' dir='ltr'>absit</span> <span class='ocrx_word' id='word_1_148' title='bbox 965 1224 1054 1259; x_wconf 86' lang='lat' dir='ltr'><strong><em>com&#39;.</em></strong></span> <span class='ocrx_word' id='word_1_149' title='bbox 1083 1225 1179 1269; x_wconf 80' lang='lat' dir='ltr'><strong><em>apud</em></strong></span> <span class='ocrx_word' id='word_1_150' title='bbox 1199 1224 1420 1260; x_wconf 82' lang='lat' dir='ltr'><strong><em>Lambinum</em></strong></span> <span class='ocrx_word' id='word_1_151' title='bbox 1451 1223 1555 1257; x_wconf 86' lang='lat' dir='ltr'><strong><em>domo</em></strong></span> <span class='ocrx_word' id='word_1_152' title='bbox 1586 1228 1628 1257; x_wconf 85' lang='lat' dir='ltr'><strong><em>ut</em></strong></span> <span class='ocrx_word' id='word_1_153' title='bbox 1655 1234 1741 1269; x_wconf 88' lang='lat' dir='ltr'><strong><em>pro-</em></strong></span> 
     </span>
     <span class='ocr_line' id='line_1_17' title="bbox 209 1279 1743 1326; baseline 0.001 -14"><span class='ocrx_word' id='word_1_154' title='bbox 209 1279 267 1312; x_wconf 76' lang='lat' dir='ltr'><strong><em>cul</em></strong></span> <span class='ocrx_word' id='word_1_155' title='bbox 298 1279 396 1312; x_wconf 81' lang='lat' dir='ltr'>absit</span> <span class='ocrx_word' id='word_1_156' title='bbox 425 1279 600 1326; x_wconf 78' lang='lat' dir='ltr'><strong><em>Apitzius</em></strong></span> <span class='ocrx_word' id='word_1_157' title='bbox 631 1279 733 1313; x_wconf 89' lang='lat' dir='ltr'><strong><em>modo</em></strong></span> <span class='ocrx_word' id='word_1_158' title='bbox 766 1284 806 1313; x_wconf 87' lang='lat' dir='ltr'><strong><em>ut</em></strong></span> <span class='ocrx_word' id='word_1_159' title='bbox 835 1280 963 1324; x_wconf 80' lang='lat' dir='ltr'><strong>procul</strong></span> <span class='ocrx_word' id='word_1_160' title='bbox 993 1279 1090 1313; x_wconf 80' lang='lat' dir='ltr'>absit</span> <span class='ocrx_word' id='word_1_161' title='bbox 1110 1281 1344 1317; x_wconf 77' lang='lat' dir='ltr'><strong><em>Kuschelius</em></strong></span> <span class='ocrx_word' id='word_1_162' title='bbox 1373 1279 1457 1313; x_wconf 86' lang='lat' dir='ltr'><strong>mihi</strong></span> <span class='ocrx_word' id='word_1_163' title='bbox 1488 1279 1615 1325; x_wconf 83' lang='lat' dir='ltr'><strong>procul</strong></span> <span class='ocrx_word' id='word_1_164' title='bbox 1645 1279 1743 1314; x_wconf 79' lang='lat' dir='ltr'>absit</span> 
     </span>
     <span class='ocr_line' id='line_1_18' title="bbox 209 1335 1743 1386; baseline 0.001 -18"><span class='ocrx_word' id='word_1_165' title='bbox 209 1337 435 1373; x_wconf 65' lang='lat' dir='ltr'><strong><em>Duntzerus</em></strong></span> <span class='ocrx_word' id='word_1_166' title='bbox 475 1346 596 1380; x_wconf 89' lang='lat' dir='ltr'><strong>penus</strong></span> <span class='ocrx_word' id='word_1_167' title='bbox 635 1336 765 1381; x_wconf 88' lang='lat' dir='ltr'><strong>procul</strong></span> <span class='ocrx_word' id='word_1_168' title='bbox 805 1335 901 1370; x_wconf 81' lang='lat' dir='ltr'>absit</span> <span class='ocrx_word' id='word_1_169' title='bbox 940 1336 1281 1385; x_wconf 69' lang='lat' dir='ltr'><em>Schneeberyerus</em></span> <span class='ocrx_word' id='word_1_170' title='bbox 1317 1341 1436 1371; x_wconf 82' lang='lat' dir='ltr'><em>tamen</em></span> <span class='ocrx_word' id='word_1_171' title='bbox 1474 1336 1602 1386; x_wconf 80' lang='lat' dir='ltr'><strong>procul</strong></span> <span class='ocrx_word' id='word_1_172' title='bbox 1646 1336 1743 1370; x_wconf 75' lang='lat' dir='ltr'>absit</span> 
     </span>
     <span class='ocr_line' id='line_1_19' title="bbox 210 1393 1744 1440; baseline -0.001 -10"><span class='ocrx_word' id='word_1_173' title='bbox 210 1394 407 1430; x_wconf 83' lang='lat' dir='ltr'><strong><em>Lucianus</em></strong></span> <span class='ocrx_word' id='word_1_174' title='bbox 427 1393 619 1430; x_wconf 65' lang='lat' dir='ltr'><strong><em>Milllerus</em></strong></span> <span class='ocrx_word' id='word_1_175' title='bbox 647 1393 794 1438; x_wconf 82' lang='lat' dir='ltr'><strong>procul,</strong></span> <span class='ocrx_word' id='word_1_176' title='bbox 826 1405 975 1438; x_wconf 84' lang='lat' dir='ltr'>precor,</span> <span class='ocrx_word' id='word_1_177' title='bbox 1006 1393 1103 1427; x_wconf 79' lang='lat' dir='ltr'>absit</span> <span class='ocrx_word' id='word_1_178' title='bbox 1124 1395 1277 1431; x_wconf 78' lang='lat' dir='ltr'><em>Bentlei</em></span> <span class='ocrx_word' id='word_1_179' title='bbox 1301 1394 1463 1440; x_wconf 76' lang='lat' dir='ltr'><strong><em>suspicio.</em></strong></span> <span class='ocrx_word' id='word_1_180' title='bbox 1495 1395 1525 1428; x_wconf 80' lang='lat' dir='ltr'><strong><em>si</em></strong></span> <span class='ocrx_word' id='word_1_181' title='bbox 1541 1394 1577 1429; x_wconf 74' lang='lat' dir='ltr'><strong><em>in</em></strong></span> <span class='ocrx_word' id='word_1_182' title='bbox 1599 1394 1744 1429; x_wconf 72' lang='lat' dir='ltr'><strong><em>lectione</em></strong></span> 
     </span>
     <span class='ocr_line' id='line_1_20' title="bbox 211 1450 1745 1497; baseline 0.001 -12"><span class='ocrx_word' id='word_1_183' title='bbox 211 1451 347 1496; x_wconf 79' lang='lat' dir='ltr'><strong><em>optimis</em></strong></span> <span class='ocrx_word' id='word_1_184' title='bbox 377 1450 471 1484; x_wconf 77' lang='lat' dir='ltr'><strong><em>libris</em></strong></span> <span class='ocrx_word' id='word_1_185' title='bbox 491 1451 628 1485; x_wconf 77' lang='lat' dir='ltr'><strong><em>tradita</em></strong></span> <span class='ocrx_word' id='word_1_186' title='bbox 647 1456 798 1496; x_wconf 81' lang='lat' dir='ltr'><strong>stamus,</strong></span> <span class='ocrx_word' id='word_1_187' title='bbox 831 1451 1006 1486; x_wconf 76' lang='lat' dir='ltr'><em>sententia</em></span> <span class='ocrx_word' id='word_1_188' title='bbox 1025 1452 1125 1486; x_wconf 80' lang='lat' dir='ltr'><strong>huius</strong></span> <span class='ocrx_word' id='word_1_189' title='bbox 1155 1451 1223 1485; x_wconf 77' lang='lat' dir='ltr'><strong><em>toci</em></strong></span> <span class='ocrx_word' id='word_1_190' title='bbox 1239 1463 1311 1485; x_wconf 78' lang='lat' dir='ltr'><strong><em>non</em></strong></span> <span class='ocrx_word' id='word_1_191' title='bbox 1334 1453 1510 1497; x_wconf 79' lang='lat' dir='ltr'><strong><em>discrepat</em></strong></span> <span class='ocrx_word' id='word_1_192' title='bbox 1527 1463 1608 1487; x_wconf 80' lang='lat' dir='ltr'><strong><em>eum</em></strong></span> <span class='ocrx_word' id='word_1_193' title='bbox 1627 1453 1745 1486; x_wconf 75' lang='lat' dir='ltr'><em>altera</em></span> 
     </span>
     <span class='ocr_line' id='line_1_21' title="bbox 209 1504 1744 1555; baseline 0 -13"><span class='ocrx_word' id='word_1_194' title='bbox 209 1508 404 1553; x_wconf 79' lang='lat' dir='ltr'><strong><em>scriptura:</em></strong></span> <span class='ocrx_word' id='word_1_195' title='bbox 442 1504 571 1540; x_wconf 69' lang='lat' dir='ltr'><strong><em>‘domu</em></strong></span> <span class='ocrx_word' id='word_1_196' title='bbox 605 1507 754 1552; x_wconf 85' lang='lat' dir='ltr'><strong><em>procul&#39;</em></strong></span> <span class='ocrx_word' id='word_1_197' title='bbox 786 1519 891 1551; x_wconf 81' lang='lat' dir='ltr'><strong><em>quam</em></strong></span> <span class='ocrx_word' id='word_1_198' title='bbox 929 1513 1076 1553; x_wconf 80' lang='lat' dir='ltr'><strong><em>propter</em></strong></span> <span class='ocrx_word' id='word_1_199' title='bbox 1112 1508 1269 1542; x_wconf 76' lang='lat' dir='ltr'><strong><em>codicum</em></strong></span> <span class='ocrx_word' id='word_1_200' title='bbox 1301 1509 1548 1543; x_wconf 78' lang='lat' dir='ltr'><strong><em>auctoritatem</em></strong></span> <span class='ocrx_word' id='word_1_201' title='bbox 1578 1509 1744 1555; x_wconf 73' lang='lat' dir='ltr'><strong><em>repudia-</em></strong></span> 
     </span>
     <span class='ocr_line' id='line_1_22' title="bbox 208 1565 1745 1610; baseline 0.001 -11"><span class='ocrx_word' id='word_1_202' title='bbox 208 1566 336 1600; x_wconf 78' lang='lat' dir='ltr'><strong>nimus.</strong></span> <span class='ocrx_word' id='word_1_203' title='bbox 398 1566 520 1598; x_wconf 80' lang='lat' dir='ltr'><strong><em>domus</em></strong></span> <span class='ocrx_word' id='word_1_204' title='bbox 552 1570 669 1598; x_wconf 82' lang='lat' dir='ltr'><em>autem</em></span> <span class='ocrx_word' id='word_1_205' title='bbox 705 1565 871 1609; x_wconf 75' lang='lat' dir='ltr'><strong><em>genetiuo</em></strong></span> <span class='ocrx_word' id='word_1_206' title='bbox 910 1577 994 1599; x_wconf 83' lang='lat' dir='ltr'><strong>casu</strong></span> <span class='ocrx_word' id='word_1_207' title='bbox 1026 1565 1267 1610; x_wconf 76' lang='lat' dir='ltr'><strong><em>accipiendam</em></strong></span> <span class='ocrx_word' id='word_1_208' title='bbox 1302 1571 1371 1607; x_wconf 81' lang='lat' dir='ltr'><em>est,</em></span> <span class='ocrx_word' id='word_1_209' title='bbox 1410 1577 1473 1598; x_wconf 75' lang='lat' dir='ltr'><strong><em>nec</em></strong></span> <span class='ocrx_word' id='word_1_210' title='bbox 1509 1577 1614 1609; x_wconf 85' lang='lat' dir='ltr'><strong><em>uero,</em></strong></span> <span class='ocrx_word' id='word_1_211' title='bbox 1651 1566 1745 1609; x_wconf 77' lang='lat' dir='ltr'><strong><em>quod</em></strong></span> 
     </span>
     <span class='ocr_line' id='line_1_23' title="bbox 211 1620 1747 1668; baseline -0.002 -10"><span class='ocrx_word' id='word_1_212' title='bbox 211 1622 444 1668; x_wconf 72' lang='lat' dir='ltr'><strong><em>Doerinye&#39;us</em></strong></span> <span class='ocrx_word' id='word_1_213' title='bbox 471 1621 579 1667; x_wconf 76' lang='lat' dir='ltr'><em>fecit,</em></span> <span class='ocrx_word' id='word_1_214' title='bbox 616 1621 857 1661; x_wconf 75' lang='lat' dir='ltr'><strong><em>nominatiu05</em></strong></span> <span class='ocrx_word' id='word_1_215' title='bbox 894 1626 926 1655; x_wconf 79' lang='lat' dir='ltr'><strong><em>et</em></strong></span> <span class='ocrx_word' id='word_1_216' title='bbox 956 1622 1038 1664; x_wconf 76' lang='lat' dir='ltr'><strong><em>hoc,</em></strong></span> <span class='ocrx_word' id='word_1_217' title='bbox 1077 1622 1116 1654; x_wconf 85' lang='lat' dir='ltr'><strong><em>m&#39;</em></strong></span> <span class='ocrx_word' id='word_1_218' title='bbox 1149 1623 1279 1667; x_wconf 78' lang='lat' dir='ltr'><strong><em>fallor,</em></strong></span> <span class='ocrx_word' id='word_1_219' title='bbox 1317 1622 1429 1656; x_wconf 77' lang='lat' dir='ltr'><strong><em>uoluit</em></strong></span> <span class='ocrx_word' id='word_1_220' title='bbox 1458 1620 1651 1658; x_wconf 83' lang='lat' dir='ltr'><em>Flaccus.-</em></span> <span class='ocrx_word' id='word_1_221' title='bbox 1676 1622 1747 1656; x_wconf 60' lang='lat' dir='ltr'><strong><em>&gt;odi</em></strong></span> 
     </span>
     <span class='ocr_line' id='line_1_24' title="bbox 212 1677 1743 1725; baseline 0.001 -13"><span class='ocrx_word' id='word_1_222' title='bbox 212 1679 352 1712; x_wconf 80' lang='lat' dir='ltr'><strong><em>domum</em></strong></span> <span class='ocrx_word' id='word_1_223' title='bbox 381 1678 555 1711; x_wconf 78' lang='lat' dir='ltr'><strong><em>inmunda</em></strong></span> <span class='ocrx_word' id='word_1_224' title='bbox 584 1683 741 1724; x_wconf 75' lang='lat' dir='ltr'><em>egestate</em></span> <span class='ocrx_word' id='word_1_225' title='bbox 770 1679 1011 1723; x_wconf 80' lang='lat' dir='ltr'><strong><em>laborantem,</em></strong></span> <span class='ocrx_word' id='word_1_226' title='bbox 1048 1679 1173 1723; x_wconf 84' lang='lat' dir='ltr'><strong><em>procul</em></strong></span> <span class='ocrx_word' id='word_1_227' title='bbox 1203 1677 1290 1712; x_wconf 77' lang='lat' dir='ltr'><strong><em>absit</em></strong></span> <span class='ocrx_word' id='word_1_228' title='bbox 1321 1690 1344 1711; x_wconf 87' lang='lat' dir='ltr'><strong><em>a</em></strong></span> <span class='ocrx_word' id='word_1_229' title='bbox 1373 1690 1451 1712; x_wconf 86' lang='lat' dir='ltr'><strong><em>mea</em></strong></span> <span class='ocrx_word' id='word_1_230' title='bbox 1487 1679 1590 1712; x_wconf 85' lang='lat' dir='ltr'><strong><em>domo</em></strong></span> <span class='ocrx_word' id='word_1_231' title='bbox 1622 1678 1743 1725; x_wconf 74' lang='lat' dir='ltr'><strong><em>inpor-</em></strong></span> 
     </span>
     <span class='ocr_line' id='line_1_25' title="bbox 212 1733 1746 1780; baseline -0.001 -11"><span class='ocrx_word' id='word_1_232' title='bbox 212 1741 302 1769; x_wconf 78' lang='lat' dir='ltr'><strong><em>tuna</em></strong></span> <span class='ocrx_word' id='word_1_233' title='bbox 322 1734 508 1779; x_wconf 83' lang='lat' dir='ltr'><strong><em>pauperies</em></strong></span> <span class='ocrx_word' id='word_1_234' title='bbox 527 1738 571 1779; x_wconf 68' lang='lat' dir='ltr'><strong><em>cf.</em></strong></span> <span class='ocrx_word' id='word_1_235' title='bbox 594 1745 628 1770; x_wconf 75' lang='grc' dir='ltr'><strong><em>ε.</em></strong></span> <span class='ocrx_word' id='word_1_236' title='bbox 646 1733 687 1769; x_wconf 89' lang='lat'><strong><em>111</em></strong></span> <span class='ocrx_word' id='word_1_237' title='bbox 713 1733 778 1780; x_wconf 84' lang='lat'><strong><em>16,</em></strong></span> <span class='ocrx_word' id='word_1_238' title='bbox 801 1733 866 1770; x_wconf 88' lang='grc'><strong><em>36.</em></strong></span> <span class='ocrx_word' id='word_1_239' title='bbox 892 1734 1038 1770; x_wconf 79' lang='lat' dir='ltr'><strong><em>Statius</em></strong></span> <span class='ocrx_word' id='word_1_240' title='bbox 1058 1745 1088 1770; x_wconf 78' lang='lat' dir='ltr'><strong><em>s,</em></strong></span> <span class='ocrx_word' id='word_1_241' title='bbox 1112 1734 1154 1770; x_wconf 81' lang='lat'><strong><em>111</em></strong></span> <span class='ocrx_word' id='word_1_242' title='bbox 1175 1733 1216 1780; x_wconf 79' lang='lat'><strong><em>4,</em></strong></span> <span class='ocrx_word' id='word_1_243' title='bbox 1239 1733 1424 1771; x_wconf 84' lang='lat'><strong>33—35:</strong></span> <span class='ocrx_word' id='word_1_244' title='bbox 1457 1735 1523 1768; x_wconf 82' lang='lat' dir='ltr'><strong><em>‘tu</em></strong></span> <span class='ocrx_word' id='word_1_245' title='bbox 1555 1734 1746 1768; x_wconf 74' lang='lat' dir='ltr'><strong><em>sordida</em></strong></span> 
     </span>
     <span class='ocr_line' id='line_1_26' title="bbox 213 1789 1744 1838; baseline 0.001 -15"><span class='ocrx_word' id='word_1_246' title='bbox 213 1796 340 1824; x_wconf 79' lang='lat' dir='ltr'><em>tecta</em></span> <span class='ocrx_word' id='word_1_247' title='bbox 361 1790 561 1834; x_wconf 84' lang='lat' dir='ltr'><strong>iugumque</strong></span> <span class='ocrx_word' id='word_1_248' title='bbox 583 1790 727 1824; x_wconf 82' lang='lat' dir='ltr'><strong><em>seruitii</em></strong></span> <span class='ocrx_word' id='word_1_249' title='bbox 751 1789 904 1834; x_wconf 84' lang='lat' dir='ltr'><strong>uulgare</strong></span> <span class='ocrx_word' id='word_1_250' title='bbox 925 1790 1052 1824; x_wconf 70' lang='lat' dir='ltr'><strong><em>feres?</em></strong></span> <span class='ocrx_word' id='word_1_251' title='bbox 1084 1790 1246 1835; x_wconf 90' lang='lat' dir='ltr'><strong>procul</strong></span> <span class='ocrx_word' id='word_1_252' title='bbox 1273 1791 1419 1826; x_wconf 73' lang='lat' dir='ltr'>absit:</span> <span class='ocrx_word' id='word_1_253' title='bbox 1451 1802 1519 1834; x_wconf 84' lang='lat' dir='ltr'><strong><em>ego</em></strong></span> <span class='ocrx_word' id='word_1_254' title='bbox 1540 1790 1618 1838; x_wconf 76' lang='lat' dir='ltr'><strong>isti,</strong></span> <span class='ocrx_word' id='word_1_255' title='bbox 1639 1801 1744 1837; x_wconf 78' lang='lat' dir='ltr'><strong><em>quem</em></strong></span> 
     </span>
     <span class='ocr_line' id='line_1_27' title="bbox 213 1844 1744 1898; baseline 0.003 -18"><span class='ocrx_word' id='word_1_256' title='bbox 213 1847 367 1892; x_wconf 75' lang='lat' dir='ltr'><strong><em>meruit,</em></strong></span> <span class='ocrx_word' id='word_1_257' title='bbox 397 1847 535 1880; x_wconf 78' lang='lat' dir='ltr'><strong><em>formae</em></strong></span> <span class='ocrx_word' id='word_1_258' title='bbox 566 1847 747 1881; x_wconf 83' lang='lat' dir='ltr'><strong><em>dominum</em></strong></span> <span class='ocrx_word' id='word_1_259' title='bbox 778 1845 898 1880; x_wconf 85' lang='lat' dir='ltr'>dabo&#39;</span> <span class='ocrx_word' id='word_1_260' title='bbox 986 1846 1060 1880; x_wconf 86' lang='lat' dir='ltr'>asit</span> <span class='ocrx_word' id='word_1_261' title='bbox 1077 1860 1102 1895; x_wconf 78' lang='lat'><em>9</em></span> <span class='ocrx_word' id='word_1_262' title='bbox 1118 1859 1183 1894; x_wconf 75' lang='lat' dir='ltr'><strong><em>pr,</em></strong></span> <span class='ocrx_word' id='word_1_263' title='bbox 1273 1846 1356 1885; x_wconf 82' lang='lat'><strong><em>200</em></strong></span> <span class='ocrx_word' id='word_1_264' title='bbox 1386 1858 1510 1895; x_wconf 77' lang='lat' dir='ltr'>magna</span> <span class='ocrx_word' id='word_1_265' title='bbox 1540 1859 1585 1884; x_wconf 81' lang='lat' dir='ltr'><strong><em>an</em></strong></span> <span class='ocrx_word' id='word_1_266' title='bbox 1614 1844 1744 1898; x_wconf 76' lang='lat' dir='ltr'><strong>parua]</strong></span> 
     </span>
     <span class='ocr_line' id='line_1_28' title="bbox 214 1898 1744 1952; baseline 0 -11"><span class='ocrx_word' id='word_1_267' title='bbox 214 1915 330 1950; x_wconf 82' lang='lat' dir='ltr'><strong>parua</strong></span> <span class='ocrx_word' id='word_1_268' title='bbox 366 1915 412 1936; x_wconf 83' lang='lat' dir='ltr'><strong><em>an</em></strong></span> <span class='ocrx_word' id='word_1_269' title='bbox 450 1915 580 1947; x_wconf 86' lang='lat' dir='ltr'>magna</span> <span class='ocrx_word' id='word_1_270' title='bbox 616 1905 779 1951; x_wconf 73' lang='lat' dir='ltr'><strong><em>floriley.</em></strong></span> <span class='ocrx_word' id='word_1_271' title='bbox 813 1904 1059 1940; x_wconf 82' lang='lat' dir='ltr'><strong><em>Nostradam.</em></strong></span> <span class='ocrx_word' id='word_1_272' title='bbox 1207 1903 1287 1941; x_wconf 83' lang='lat'><strong><em>202</em></strong></span> <span class='ocrx_word' id='word_1_273' title='bbox 1319 1903 1481 1940; x_wconf 83' lang='lat' dir='ltr'><strong><em>aduersis</em></strong></span> <span class='ocrx_word' id='word_1_274' title='bbox 1513 1898 1587 1939; x_wconf 59' lang='lat'><strong><em>521⁸</em></strong></span> <span class='ocrx_word' id='word_1_275' title='bbox 1605 1901 1658 1948; x_wconf 87' lang='grc' dir='ltr'><strong><em>ς”</em></strong></span> <span class='ocrx_word' id='word_1_276' title='bbox 1677 1904 1744 1952; x_wconf 82' lang='lat' dir='ltr'><strong><em>Pf.</em></strong></span> 
     </span>
    </p>
   </div>
   <div class='ocr_carea' id='block_1_6' title="bbox 166 1964 1749 2877">
    <p class='ocr_par' dir='ltr' id='par_1_12' title="bbox 166 1964 1749 2877">
     <span class='ocr_line' id='line_1_29' title="bbox 212 1964 1743 2031; baseline 0 -11"><span class='ocrx_word' id='word_1_277' title='bbox 212 1985 330 2031; x_wconf 73' lang='lat' dir='ltr'><strong><em>floril.</em></strong></span> <span class='ocrx_word' id='word_1_278' title='bbox 363 1983 493 2020; x_wconf 79' lang='lat' dir='ltr'><strong><em>Nostr.</em></strong></span> <span class='ocrx_word' id='word_1_279' title='bbox 526 1982 663 2018; x_wconf 81' lang='lat' dir='ltr'><strong><em>auersis</em></strong></span> <span class='ocrx_word' id='word_1_280' title='bbox 692 1982 714 2018; x_wconf 89' lang='grc' dir='ltr'><em>λ</em></span> <span class='ocrx_word' id='word_1_281' title='bbox 744 1994 847 2019; x_wconf 83' lang='lat' dir='ltr'><strong><em>corr.</em></strong></span> <span class='ocrx_word' id='word_1_282' title='bbox 869 1995 895 2031; x_wconf 80' lang='lat' dir='ltr'><strong><em>y</em></strong></span> <span class='ocrx_word' id='word_1_283' title='bbox 994 1964 1100 2018; x_wconf 53' lang='lat' dir='ltr'>{stris</span> <span class='ocrx_word' id='word_1_284' title='bbox 1132 1983 1170 2018; x_wconf 87' lang='lat' dir='ltr'><em>E</em></span> <span class='ocrx_word' id='word_1_285' title='bbox 1196 1983 1308 2016; x_wconf 82' lang='lat' dir='ltr'>astris</span> <span class='ocrx_word' id='word_1_286' title='bbox 1336 1994 1363 2028; x_wconf 73' lang='lat' dir='ltr'><em>y</em></span> <span class='ocrx_word' id='word_1_287' title='bbox 1385 1988 1477 2017; x_wconf 79' lang='lat' dir='ltr'><em>recte</em></span> <span class='ocrx_word' id='word_1_288' title='bbox 1505 1984 1610 2018; x_wconf 79' lang='lat' dir='ltr'><em>etiam</em></span> <span class='ocrx_word' id='word_1_289' title='bbox 1627 1984 1743 2030; x_wconf 74' lang='lat' dir='ltr'><strong><em>floril-</em></strong></span> 
     </span>
     <span class='ocr_line' id='line_1_30' title="bbox 216 2035 1749 2087; baseline -0.001 -11"><span class='ocrx_word' id='word_1_290' title='bbox 216 2041 397 2076; x_wconf 80' lang='lat' dir='ltr'><strong><em>Nostrad.</em></strong></span> <span class='ocrx_word' id='word_1_291' title='bbox 515 2038 595 2076; x_wconf 88' lang='grc'>203</span> <span class='ocrx_word' id='word_1_292' title='bbox 626 2039 774 2086; x_wconf 81' lang='lat' dir='ltr'><strong><em>ingenio</em></strong></span> <span class='ocrx_word' id='word_1_293' title='bbox 804 2035 879 2074; x_wconf 65' lang='lat' dir='ltr'><strong><em>„Q”</em></strong></span> <span class='ocrx_word' id='word_1_294' title='bbox 899 2036 949 2082; x_wconf 84' lang='grc' dir='ltr'><strong><em>ς”</em></strong></span> <span class='ocrx_word' id='word_1_295' title='bbox 978 2035 1091 2086; x_wconf 73' lang='lat' dir='ltr'><strong><em>Pph!</em></strong></span> <span class='ocrx_word' id='word_1_296' title='bbox 1120 2040 1281 2087; x_wconf 66' lang='lat' dir='ltr'><strong><em>florileg).</em></strong></span> <span class='ocrx_word' id='word_1_297' title='bbox 1316 2040 1497 2076; x_wconf 80' lang='lat' dir='ltr'><strong><em>Nostrad.</em></strong></span> <span class='ocrx_word' id='word_1_298' title='bbox 1530 2039 1691 2084; x_wconf 83' lang='lat' dir='ltr'><strong><em>ingenua</em></strong></span> <span class='ocrx_word' id='word_1_299' title='bbox 1718 2050 1749 2086; x_wconf 73' lang='lat' dir='ltr'><strong><em>y.</em></strong></span> 
     </span>
     <span class='ocr_line' id='line_1_31' title="bbox 216 2091 1745 2146; baseline -0.002 -14"><span class='ocrx_word' id='word_1_300' title='bbox 216 2093 255 2146; x_wconf 93' lang='lat'><strong><em>[1</em></strong></span> <span class='ocrx_word' id='word_1_301' title='bbox 284 2092 448 2146; x_wconf 62' lang='lat' dir='ltr'><strong><em>mand]</em></strong></span> <span class='ocrx_word' id='word_1_302' title='bbox 481 2095 647 2140; x_wconf 84' lang='lat' dir='ltr'><strong><em>ingenita</em></strong></span> <span class='ocrx_word' id='word_1_303' title='bbox 675 2107 702 2142; x_wconf 81' lang='lat' dir='ltr'><em>y</em></span> <span class='ocrx_word' id='word_1_304' title='bbox 725 2091 769 2146; x_wconf 92' lang='lat'><strong><em>[1</em></strong></span> <span class='ocrx_word' id='word_1_305' title='bbox 794 2097 956 2137; x_wconf 79' lang='lat' dir='ltr'><strong><em>Bland.,·</em></strong></span> <span class='ocrx_word' id='word_1_306' title='bbox 986 2094 1040 2128; x_wconf 71' lang='lat' dir='ltr'><strong><em>‘V</em></strong></span> <span class='ocrx_word' id='word_1_307' title='bbox 1065 2102 1183 2131; x_wconf 85' lang='lat' dir='ltr'><em>autem</em></span> <span class='ocrx_word' id='word_1_308' title='bbox 1213 2102 1307 2131; x_wconf 77' lang='lat' dir='ltr'><strong><em>totus</em></strong></span> <span class='ocrx_word' id='word_1_309' title='bbox 1338 2098 1384 2131; x_wconf 83' lang='lat' dir='ltr'><strong><em>ad</em></strong></span> <span class='ocrx_word' id='word_1_310' title='bbox 1402 2098 1514 2141; x_wconf 80' lang='lat' dir='ltr'><em>finem</em></span> <span class='ocrx_word' id='word_1_311' title='bbox 1543 2097 1646 2131; x_wconf 75' lang='lat' dir='ltr'><strong>huius</strong></span> <span class='ocrx_word' id='word_1_312' title='bbox 1674 2097 1745 2142; x_wconf 74' lang='lat' dir='ltr'><em>epi-</em></span> 
     </span>
     <span class='ocr_line' id='line_1_32' title="bbox 213 2149 1747 2203; baseline 0.001 -15"><span class='ocrx_word' id='word_1_313' title='bbox 213 2156 326 2188; x_wconf 79' lang='lat' dir='ltr'><strong><em>stolae</em></strong></span> <span class='ocrx_word' id='word_1_314' title='bbox 354 2154 487 2199; x_wconf 77' lang='lat' dir='ltr'><strong><em>partim</em></strong></span> <span class='ocrx_word' id='word_1_315' title='bbox 516 2153 738 2187; x_wconf 75' lang='lat' dir='ltr'><em>oblitteratas</em></span> <span class='ocrx_word' id='word_1_316' title='bbox 761 2159 812 2187; x_wconf 81' lang='lat' dir='ltr'><strong><em>est</em></strong></span> <span class='ocrx_word' id='word_1_317' title='bbox 839 2154 972 2198; x_wconf 72' lang='lat' dir='ltr'><em>partim</em></span> <span class='ocrx_word' id='word_1_318' title='bbox 1001 2151 1119 2187; x_wconf 83' lang='lat' dir='ltr'><em>lacer&#39;</em></span> <span class='ocrx_word' id='word_1_319' title='bbox 1144 2149 1308 2202; x_wconf 64' lang='lat' dir='ltr'><strong><em>Cruqu]</em></strong></span> <span class='ocrx_word' id='word_1_320' title='bbox 1397 2152 1502 2199; x_wconf 84' lang='lat' dir='ltr'><strong><em>loco,</em></strong></span> <span class='ocrx_word' id='word_1_321' title='bbox 1531 2149 1590 2203; x_wconf 82' lang='lat' dir='ltr'><strong><em>re]</em></strong></span> <span class='ocrx_word' id='word_1_322' title='bbox 1622 2152 1747 2193; x_wconf 76' lang='lat' dir='ltr'><strong><em>colore</em></strong></span> 
     </span>
     <span class='ocr_line' id='line_1_33' title="bbox 215 2206 1747 2257; baseline 0 -12"><span class='ocrx_word' id='word_1_323' title='bbox 215 2211 252 2246; x_wconf 89' lang='lat' dir='ltr'><em>F</em></span> <span class='ocrx_word' id='word_1_324' title='bbox 270 2206 309 2244; x_wconf 80' lang='grc' dir='ltr'><strong><em>λ’</em></strong></span> <span class='ocrx_word' id='word_1_325' title='bbox 326 2206 368 2245; x_wconf 79' lang='grc' dir='ltr'><strong><em>δ’</em></strong></span> <span class='ocrx_word' id='word_1_326' title='bbox 391 2206 493 2256; x_wconf 83' lang='grc' dir='ltr'><strong><em>(πί)</em></strong></span> <span class='ocrx_word' id='word_1_327' title='bbox 602 2208 683 2246; x_wconf 81' lang='grc'>204</span> <span class='ocrx_word' id='word_1_328' title='bbox 715 2209 863 2245; x_wconf 73' lang='lat' dir='ltr'><strong><em>extrem&#39;</em></strong></span> <span class='ocrx_word' id='word_1_329' title='bbox 898 2220 1011 2257; x_wconf 84' lang='lat' dir='ltr'><strong>usque</strong></span> <span class='ocrx_word' id='word_1_330' title='bbox 1044 2210 1111 2245; x_wconf 88' lang='lat' dir='ltr'><strong><em>E1</em></strong></span> <span class='ocrx_word' id='word_1_331' title='bbox 1208 2209 1288 2247; x_wconf 86' lang='grc'>205</span> <span class='ocrx_word' id='word_1_332' title='bbox 1321 2208 1389 2246; x_wconf 85' lang='lat' dir='ltr'><strong>abi.</strong></span> <span class='ocrx_word' id='word_1_333' title='bbox 1421 2209 1506 2257; x_wconf 86' lang='lat' dir='ltr'><strong><em>quid</em></strong></span> <span class='ocrx_word' id='word_1_334' title='bbox 1527 2209 1565 2246; x_wconf 88' lang='lat' dir='ltr'><em>D</em></span> <span class='ocrx_word' id='word_1_335' title='bbox 1593 2211 1632 2246; x_wconf 84' lang='lat' dir='ltr'><strong><em>in</em></strong></span> <span class='ocrx_word' id='word_1_336' title='bbox 1661 2211 1747 2245; x_wconf 88' lang='lat' dir='ltr'><strong><em>loco</em></strong></span> 
     </span>
     <span class='ocr_line' id='line_1_34' title="bbox 216 2261 1748 2315; baseline -0.001 -12"><span class='ocrx_word' id='word_1_337' title='bbox 216 2278 308 2303; x_wconf 81' lang='lat' dir='ltr'><strong><em>raso</em></strong></span> <span class='ocrx_word' id='word_1_338' title='bbox 423 2271 511 2313; x_wconf 81' lang='lat' dir='ltr'><strong><em>post</em></strong></span> <span class='ocrx_word' id='word_1_339' title='bbox 540 2277 670 2301; x_wconf 79' lang='lat' dir='ltr'><strong>auarus</strong></span> <span class='ocrx_word' id='word_1_340' title='bbox 699 2267 806 2302; x_wconf 86' lang='lat' dir='ltr'><strong><em>codd.</em></strong></span> <span class='ocrx_word' id='word_1_341' title='bbox 833 2269 977 2312; x_wconf 78' lang='lat' dir='ltr'><strong><em>parlim</em></strong></span> <span class='ocrx_word' id='word_1_342' title='bbox 1006 2268 1115 2303; x_wconf 81' lang='lat' dir='ltr'><strong><em>colon</em></strong></span> <span class='ocrx_word' id='word_1_343' title='bbox 1137 2268 1199 2302; x_wconf 79' lang='lat' dir='ltr'><strong><em>uel</em></strong></span> <span class='ocrx_word' id='word_1_344' title='bbox 1220 2277 1364 2302; x_wconf 84' lang='lat' dir='ltr'><strong><em>comma</em></strong></span> <span class='ocrx_word' id='word_1_345' title='bbox 1386 2265 1439 2311; x_wconf 88' lang='grc' dir='ltr'><strong><em>(Ε</em></strong></span> <span class='ocrx_word' id='word_1_346' title='bbox 1452 2265 1472 2300; x_wconf 80' lang='grc' dir='ltr'><em>λ</em></span> <span class='ocrx_word' id='word_1_347' title='bbox 1495 2261 1530 2315; x_wconf 84' lang='lat'><strong><em>[2</em></strong></span> <span class='ocrx_word' id='word_1_348' title='bbox 1544 2261 1579 2315; x_wconf 66' lang='grc' dir='ltr'><strong><em>ἲ]</em></strong></span> <span class='ocrx_word' id='word_1_349' title='bbox 1602 2267 1674 2302; x_wconf 78' lang='lat' dir='ltr'><strong><em>vd</em></strong></span> <span class='ocrx_word' id='word_1_350' title='bbox 1690 2267 1709 2302; x_wconf 52' lang='lat' dir='ltr'><strong><em>l»</em></strong></span> <span class='ocrx_word' id='word_1_351' title='bbox 1725 2277 1748 2301; x_wconf 90' lang='lat' dir='ltr'><em>r</em></span> 
     </span>
     <span class='ocr_line' id='line_1_35' title="bbox 218 2320 1744 2370; baseline -0.001 -11"><span class='ocrx_word' id='word_1_352' title='bbox 218 2322 357 2370; x_wconf 84' lang='lat' dir='ltr'><em>Barc.)</em></span> <span class='ocrx_word' id='word_1_353' title='bbox 375 2325 520 2369; x_wconf 81' lang='lat' dir='ltr'><em>partim</em></span> <span class='ocrx_word' id='word_1_354' title='bbox 541 2324 856 2370; x_wconf 69' lang='lat' dir='ltr'><strong><em>inter-royatiom&#39;s</em></strong></span> <span class='ocrx_word' id='word_1_355' title='bbox 877 2325 1023 2370; x_wconf 77' lang='lat' dir='ltr'><strong><em>siynum</em></strong></span> <span class='ocrx_word' id='word_1_356' title='bbox 1042 2328 1191 2369; x_wconf 78' lang='lat' dir='ltr'><strong><em>ponunt</em></strong></span> <span class='ocrx_word' id='word_1_357' title='bbox 1212 2320 1250 2369; x_wconf 85' lang='grc' dir='ltr'><strong><em>(δ</em></strong></span> <span class='ocrx_word' id='word_1_358' title='bbox 1272 2320 1418 2358; x_wconf 74' lang='lat' dir='ltr'><em>Basil.1</em></span> <span class='ocrx_word' id='word_1_359' title='bbox 1438 2323 1621 2359; x_wconf 79' lang='lat' dir='ltr'><em>Bruxell.</em></span> <span class='ocrx_word' id='word_1_360' title='bbox 1638 2322 1744 2369; x_wconf 75' lang='lat' dir='ltr'><em>Lips.</em></span> 
     </span>
     <span class='ocr_line' id='line_1_36' title="bbox 229 2377 1744 2426; baseline -0.002 -9"><span class='ocrx_word' id='word_1_361' title='bbox 229 2381 374 2417; x_wconf 80' lang='lat' dir='ltr'><em>Valent.</em></span> <span class='ocrx_word' id='word_1_362' title='bbox 409 2378 531 2425; x_wconf 83' lang='lat' dir='ltr'><strong><em>Voss.)</em></strong></span> <span class='ocrx_word' id='word_1_363' title='bbox 557 2379 702 2425; x_wconf 83' lang='lat' dir='ltr'><em>partim</em></span> <span class='ocrx_word' id='word_1_364' title='bbox 731 2391 806 2415; x_wconf 87' lang='lat' dir='ltr'><strong><em>non</em></strong></span> <span class='ocrx_word' id='word_1_365' title='bbox 838 2380 1044 2426; x_wconf 75' lang='lat' dir='ltr'><strong><em>distinyunl</em></strong></span> <span class='ocrx_word' id='word_1_366' title='bbox 1075 2377 1125 2423; x_wconf 81' lang='lat' dir='ltr'><strong><em>(D</em></strong></span> <span class='ocrx_word' id='word_1_367' title='bbox 1146 2379 1184 2414; x_wconf 78' lang='lat' dir='ltr'><em>F</em></span> <span class='ocrx_word' id='word_1_368' title='bbox 1203 2377 1363 2423; x_wconf 81' lang='lat' dir='ltr'><strong><em>Fran.)‚·</em></strong></span> <span class='ocrx_word' id='word_1_369' title='bbox 1399 2383 1489 2425; x_wconf 77' lang='lat' dir='ltr'><strong><em>post</em></strong></span> <span class='ocrx_word' id='word_1_370' title='bbox 1518 2377 1575 2414; x_wconf 81' lang='lat' dir='ltr'><strong><em>abi</em></strong></span> <span class='ocrx_word' id='word_1_371' title='bbox 1604 2380 1744 2425; x_wconf 79' lang='lat' dir='ltr'><em>interp.</em></span> 
     </span>
     <span class='ocr_line' id='line_1_37' title="bbox 219 2431 1744 2484; baseline -0.002 -11"><span class='ocrx_word' id='word_1_372' title='bbox 219 2448 347 2473; x_wconf 82' lang='lat' dir='ltr'><strong><em>omnes</em></strong></span> <span class='ocrx_word' id='word_1_373' title='bbox 378 2437 486 2472; x_wconf 83' lang='lat' dir='ltr'><strong><em>codd.</em></strong></span> <span class='ocrx_word' id='word_1_374' title='bbox 518 2437 563 2471; x_wconf 78' lang='lat' dir='ltr'><strong><em>de</em></strong></span> <span class='ocrx_word' id='word_1_375' title='bbox 595 2436 732 2482; x_wconf 79' lang='lat' dir='ltr'><strong><em>quibus</em></strong></span> <span class='ocrx_word' id='word_1_376' title='bbox 762 2438 980 2472; x_wconf 84' lang='lat' dir='ltr'><strong><em>notauimus</em></strong></span> <span class='ocrx_word' id='word_1_377' title='bbox 1010 2434 1059 2481; x_wconf 90' lang='lat' dir='ltr'><strong><em>(D</em></strong></span> <span class='ocrx_word' id='word_1_378' title='bbox 1082 2436 1119 2470; x_wconf 90' lang='lat' dir='ltr'><em>E</em></span> <span class='ocrx_word' id='word_1_379' title='bbox 1137 2435 1174 2471; x_wconf 81' lang='lat' dir='ltr'><em>F</em></span> <span class='ocrx_word' id='word_1_380' title='bbox 1193 2432 1217 2471; x_wconf 81' lang='grc' dir='ltr'><strong><em>λ</em></strong></span> <span class='ocrx_word' id='word_1_381' title='bbox 1242 2431 1277 2484; x_wconf 85' lang='lat'><strong><em>[2</em></strong></span> <span class='ocrx_word' id='word_1_382' title='bbox 1292 2431 1325 2484; x_wconf 66' lang='lat'><strong><em>52]</em></strong></span> <span class='ocrx_word' id='word_1_383' title='bbox 1349 2431 1391 2470; x_wconf 85' lang='grc' dir='ltr'><strong><em>δ’</em></strong></span> <span class='ocrx_word' id='word_1_384' title='bbox 1408 2447 1429 2471; x_wconf 89' lang='lat' dir='ltr'><em>v</em></span> <span class='ocrx_word' id='word_1_385' title='bbox 1450 2447 1473 2471; x_wconf 87' lang='grc' dir='ltr'><em>α</em></span> <span class='ocrx_word' id='word_1_386' title='bbox 1494 2436 1508 2471; x_wconf 88' lang='lat' dir='ltr'><em>l</em></span> <span class='ocrx_word' id='word_1_387' title='bbox 1528 2447 1551 2470; x_wconf 92' lang='lat' dir='ltr'><em>r</em></span> <span class='ocrx_word' id='word_1_388' title='bbox 1580 2435 1744 2470; x_wconf 83' lang='lat' dir='ltr'><strong><em>Barcin.</em></strong></span> 
     </span>
     <span class='ocr_line' id='line_1_38' title="bbox 220 2491 1747 2538; baseline -0.001 -10"><span class='ocrx_word' id='word_1_389' title='bbox 220 2493 378 2529; x_wconf 66' lang='lat' dir='ltr'><strong><em>Basim</em></strong></span> <span class='ocrx_word' id='word_1_390' title='bbox 412 2493 593 2529; x_wconf 74' lang='lat' dir='ltr'><strong><em>Bruaeell.</em></strong></span> <span class='ocrx_word' id='word_1_391' title='bbox 626 2492 749 2528; x_wconf 82' lang='lat' dir='ltr'><strong><em>Fran.</em></strong></span> <span class='ocrx_word' id='word_1_392' title='bbox 782 2493 886 2538; x_wconf 79' lang='lat' dir='ltr'><em>Lips.</em></span> <span class='ocrx_word' id='word_1_393' title='bbox 930 2492 1010 2529; x_wconf 76' lang='lat' dir='ltr'><strong><em>Vae.</em></strong></span> <span class='ocrx_word' id='word_1_394' title='bbox 1046 2491 1167 2537; x_wconf 78' lang='lat' dir='ltr'><strong><em>Voss.)</em></strong></span> <span class='ocrx_word' id='word_1_395' title='bbox 1178 2507 1188 2532; x_wconf 90' lang='lat'><strong><em>,·</em></strong></span> <span class='ocrx_word' id='word_1_396' title='bbox 1224 2497 1312 2538; x_wconf 79' lang='lat' dir='ltr'><strong><em>post</em></strong></span> <span class='ocrx_word' id='word_1_397' title='bbox 1342 2491 1428 2538; x_wconf 86' lang='lat' dir='ltr'><strong><em>quid</em></strong></span> <span class='ocrx_word' id='word_1_398' title='bbox 1456 2493 1601 2537; x_wconf 83' lang='lat' dir='ltr'><em>partim</em></span> <span class='ocrx_word' id='word_1_399' title='bbox 1629 2493 1747 2527; x_wconf 82' lang='lat' dir='ltr'><em>inter-</em></span> 
     </span>
     <span class='ocr_line' id='line_1_39' title="bbox 215 2545 1746 2597; baseline -0.001 -12"><span class='ocrx_word' id='word_1_400' title='bbox 215 2553 392 2597; x_wconf 73' lang='lat' dir='ltr'><strong><em>punyunt</em></strong></span> <span class='ocrx_word' id='word_1_401' title='bbox 421 2548 474 2594; x_wconf 91' lang='lat' dir='ltr'><strong><em>(E</em></strong></span> <span class='ocrx_word' id='word_1_402' title='bbox 492 2549 529 2584; x_wconf 85' lang='lat' dir='ltr'><em>F</em></span> <span class='ocrx_word' id='word_1_403' title='bbox 548 2545 585 2582; x_wconf 81' lang='grc' dir='ltr'><strong><em>λ’</em></strong></span> <span class='ocrx_word' id='word_1_404' title='bbox 607 2561 627 2582; x_wconf 84' lang='grc' dir='ltr'>ν</span> <span class='ocrx_word' id='word_1_405' title='bbox 653 2549 680 2584; x_wconf 85' lang='lat' dir='ltr'><strong><em>d</em></strong></span> <span class='ocrx_word' id='word_1_406' title='bbox 705 2549 825 2584; x_wconf 83' lang='lat' dir='ltr'><strong><em>Barc.</em></strong></span> <span class='ocrx_word' id='word_1_407' title='bbox 856 2549 980 2585; x_wconf 82' lang='lat' dir='ltr'><em>Basil.</em></span> <span class='ocrx_word' id='word_1_408' title='bbox 1011 2547 1023 2583; x_wconf 89' lang='lat'><em>1</em></span> <span class='ocrx_word' id='word_1_409' title='bbox 1057 2549 1181 2584; x_wconf 84' lang='lat' dir='ltr'><em>Fran.</em></span> <span class='ocrx_word' id='word_1_410' title='bbox 1213 2548 1393 2585; x_wconf 78' lang='lat' dir='ltr'><em>Bruxell.</em></span> <span class='ocrx_word' id='word_1_411' title='bbox 1431 2548 1577 2584; x_wconf 77' lang='lat' dir='ltr'><em>Valent.</em></span> <span class='ocrx_word' id='word_1_412' title='bbox 1624 2546 1746 2594; x_wconf 84' lang='lat' dir='ltr'><strong><em>Voss.)</em></strong></span> 
     </span>
     <span class='ocr_line' id='line_1_40' title="bbox 215 2601 1748 2654; baseline -0.005 -12"><span class='ocrx_word' id='word_1_413' title='bbox 215 2608 361 2652; x_wconf 82' lang='lat' dir='ltr'><em>partim</em></span> <span class='ocrx_word' id='word_1_414' title='bbox 390 2617 466 2642; x_wconf 82' lang='lat' dir='ltr'><strong><em>non</em></strong></span> <span class='ocrx_word' id='word_1_415' title='bbox 489 2602 526 2651; x_wconf 75' lang='grc' dir='ltr'><strong><em>(ὃ</em></strong></span> <span class='ocrx_word' id='word_1_416' title='bbox 548 2618 571 2640; x_wconf 86' lang='grc' dir='ltr'><em>α</em></span> <span class='ocrx_word' id='word_1_417' title='bbox 594 2603 712 2652; x_wconf 80' lang='lat' dir='ltr'><em>Lips.)</em></span> <span class='ocrx_word' id='word_1_418' title='bbox 746 2601 837 2654; x_wconf 87' lang='lat' dir='ltr'><strong><em>[non</em></strong></span> <span class='ocrx_word' id='word_1_419' title='bbox 870 2617 910 2638; x_wconf 82' lang='lat' dir='ltr'><strong><em>es</em></strong></span> <span class='ocrx_word' id='word_1_420' title='bbox 941 2604 1106 2638; x_wconf 69' lang='lat' dir='ltr'><strong>auarus?</strong></span> <span class='ocrx_word' id='word_1_421' title='bbox 1138 2604 1210 2639; x_wconf 76' lang='lat' dir='ltr'>abi.</span> <span class='ocrx_word' id='word_1_422' title='bbox 1243 2604 1330 2650; x_wconf 86' lang='lat' dir='ltr'><strong><em>quid</em></strong></span> <span class='ocrx_word' id='word_1_423' title='bbox 1361 2604 1511 2638; x_wconf 70' lang='lat' dir='ltr'><strong><em>cetera?</em></strong></span> <span class='ocrx_word' id='word_1_424' title='bbox 1542 2604 1609 2636; x_wconf 79' lang='lat' dir='ltr'>iarn</span> <span class='ocrx_word' id='word_1_425' title='bbox 1639 2603 1748 2638; x_wconf 72' lang='lat' dir='ltr'><strong>simul</strong></span> 
     </span>
     <span class='ocr_line' id='line_1_41' title="bbox 219 2659 1746 2706; baseline -0.001 -12"><span class='ocrx_word' id='word_1_426' title='bbox 219 2663 291 2695; x_wconf 74' lang='lat' dir='ltr'><strong><em>isto</em></strong></span> <span class='ocrx_word' id='word_1_427' title='bbox 329 2673 408 2695; x_wconf 90' lang='lat' dir='ltr'><strong><em>cum</em></strong></span> <span class='ocrx_word' id='word_1_428' title='bbox 447 2662 538 2695; x_wconf 79' lang='lat' dir='ltr'><strong>uitio</strong></span> <span class='ocrx_word' id='word_1_429' title='bbox 577 2662 684 2705; x_wconf 86' lang='lat' dir='ltr'><strong>fuge:</strong></span> <span class='ocrx_word' id='word_1_430' title='bbox 728 2661 798 2694; x_wconf 76' lang='lat' dir='ltr'><strong><em>rite</em></strong></span> <span class='ocrx_word' id='word_1_431' title='bbox 836 2666 938 2695; x_wconf 75' lang='lat' dir='ltr'><em>caret</em></span> <span class='ocrx_word' id='word_1_432' title='bbox 975 2661 998 2697; x_wconf 82' lang='lat'><strong>2</strong></span> <span class='ocrx_word' id='word_1_433' title='bbox 1030 2662 1193 2701; x_wconf 79' lang='lat' dir='ltr'><strong><em>Bland.‚-</em></strong></span> <span class='ocrx_word' id='word_1_434' title='bbox 1238 2660 1335 2706; x_wconf 89' lang='lat' dir='ltr'><strong><em>quod</em></strong></span> <span class='ocrx_word' id='word_1_435' title='bbox 1374 2664 1498 2693; x_wconf 81' lang='lat' dir='ltr'><em>cetera</em></span> <span class='ocrx_word' id='word_1_436' title='bbox 1534 2660 1603 2694; x_wconf 84' lang='lat' dir='ltr'><strong><em>iam</em></strong></span> <span class='ocrx_word' id='word_1_437' title='bbox 1639 2659 1746 2696; x_wconf 74' lang='lat' dir='ltr'><strong>simul</strong></span> 
     </span>
     <span class='ocr_line' id='line_1_42' title="bbox 166 2714 1746 2767; baseline -0.001 -16"><span class='ocrx_word' id='word_1_438' title='bbox 166 2744 170 2747; x_wconf 46' lang='lat'>&gt;</span> <span class='ocrx_word' id='word_1_439' title='bbox 218 2719 289 2751; x_wconf 82' lang='lat' dir='ltr'><strong><em>isto</em></strong></span> <span class='ocrx_word' id='word_1_440' title='bbox 322 2730 400 2751; x_wconf 86' lang='lat' dir='ltr'><strong><em>cum</em></strong></span> <span class='ocrx_word' id='word_1_441' title='bbox 433 2717 523 2751; x_wconf 78' lang='lat' dir='ltr'><strong>uitio</strong></span> <span class='ocrx_word' id='word_1_442' title='bbox 554 2718 654 2761; x_wconf 86' lang='lat' dir='ltr'><strong>fuge.</strong></span> <span class='ocrx_word' id='word_1_443' title='bbox 688 2717 711 2753; x_wconf 88' lang='grc'>2</span> <span class='ocrx_word' id='word_1_444' title='bbox 743 2714 904 2767; x_wconf 74' lang='grc' dir='ltr'><strong><em>Βίαηιί.]</em></strong></span> <span class='ocrx_word' id='word_1_445' title='bbox 1021 2718 1140 2754; x_wconf 77' lang='lat' dir='ltr'><strong><em>schol.</em></strong></span> <span class='ocrx_word' id='word_1_446' title='bbox 1166 2716 1216 2752; x_wconf 81' lang='lat' dir='ltr'><strong><em>F:</em></strong></span> <span class='ocrx_word' id='word_1_447' title='bbox 1246 2715 1369 2757; x_wconf 78' lang='lat' dir='ltr'><strong><em>‘Quid</em></strong></span> <span class='ocrx_word' id='word_1_448' title='bbox 1400 2716 1505 2759; x_wconf 83' lang='lat' dir='ltr'><strong><em>inde,</em></strong></span> <span class='ocrx_word' id='word_1_449' title='bbox 1537 2716 1569 2749; x_wconf 81' lang='lat' dir='ltr'><strong><em>si</em></strong></span> <span class='ocrx_word' id='word_1_450' title='bbox 1601 2728 1674 2750; x_wconf 90' lang='lat' dir='ltr'><strong><em>non</em></strong></span> <span class='ocrx_word' id='word_1_451' title='bbox 1704 2728 1746 2750; x_wconf 83' lang='lat' dir='ltr'><strong><em>es</em></strong></span> 
     </span>
     <span class='ocr_line' id='line_1_43' title="bbox 219 2771 1745 2819; baseline -0.001 -12"><span class='ocrx_word' id='word_1_452' title='bbox 219 2775 383 2807; x_wconf 66' lang='lat' dir='ltr'><strong>auarus?</strong></span> <span class='ocrx_word' id='word_1_453' title='bbox 416 2775 588 2819; x_wconf 85' lang='lat' dir='ltr'><strong>numquid</strong></span> <span class='ocrx_word' id='word_1_454' title='bbox 620 2774 755 2808; x_wconf 83' lang='lat' dir='ltr'><strong><em>idcirco</em></strong></span> <span class='ocrx_word' id='word_1_455' title='bbox 776 2785 856 2808; x_wconf 83' lang='lat' dir='ltr'><strong><em>cum</em></strong></span> <span class='ocrx_word' id='word_1_456' title='bbox 886 2774 958 2807; x_wconf 81' lang='lat' dir='ltr'><strong><em>isto</em></strong></span> <span class='ocrx_word' id='word_1_457' title='bbox 991 2774 1082 2807; x_wconf 76' lang='lat' dir='ltr'><strong>uitio</strong></span> <span class='ocrx_word' id='word_1_458' title='bbox 1103 2777 1340 2807; x_wconf 83' lang='lat' dir='ltr'><strong><em>recesserunt</em></strong></span> <span class='ocrx_word' id='word_1_459' title='bbox 1360 2772 1478 2806; x_wconf 86' lang='lat' dir='ltr'><strong><em>omnia</em></strong></span> <span class='ocrx_word' id='word_1_460' title='bbox 1498 2772 1616 2806; x_wconf 71' lang='lat' dir='ltr'><strong>uitia?</strong></span> <span class='ocrx_word' id='word_1_461' title='bbox 1647 2771 1745 2806; x_wconf 79' lang='lat' dir='ltr'><strong><em>non&#39;</em></strong></span> 
     </span>
     <span class='ocr_line' id='line_1_44' title="bbox 221 2826 1746 2877; baseline -0.003 -10"><span class='ocrx_word' id='word_1_462' title='bbox 221 2827 401 2877; x_wconf 61' lang='lat' dir='ltr'><strong><em>Porples:</em></strong></span> <span class='ocrx_word' id='word_1_463' title='bbox 433 2831 592 2865; x_wconf 63' lang='lat' dir='ltr'><strong>&lt;scimus</strong></span> <span class='ocrx_word' id='word_1_464' title='bbox 622 2836 659 2865; x_wconf 89' lang='lat' dir='ltr'><strong><em>te</em></strong></span> <span class='ocrx_word' id='word_1_465' title='bbox 689 2843 760 2870; x_wconf 82' lang='lat' dir='ltr'><strong><em>non</em></strong></span> <span class='ocrx_word' id='word_1_466' title='bbox 785 2842 868 2865; x_wconf 85' lang='lat' dir='ltr'><em>esse</em></span> <span class='ocrx_word' id='word_1_467' title='bbox 888 2826 1058 2874; x_wconf 72' lang='lat' dir='ltr'><strong>auarum3</strong></span> <span class='ocrx_word' id='word_1_468' title='bbox 1092 2830 1184 2864; x_wconf 86' lang='lat' dir='ltr'><strong><em>uade</em></strong></span> <span class='ocrx_word' id='word_1_469' title='bbox 1205 2840 1360 2864; x_wconf 85' lang='lat' dir='ltr'><strong>securus</strong></span> <span class='ocrx_word' id='word_1_470' title='bbox 1391 2829 1436 2862; x_wconf 88' lang='lat' dir='ltr'><strong><em>de</em></strong></span> <span class='ocrx_word' id='word_1_471' title='bbox 1458 2829 1524 2863; x_wconf 81' lang='lat' dir='ltr'><strong><em>hoc</em></strong></span> <span class='ocrx_word' id='word_1_472' title='bbox 1545 2829 1648 2875; x_wconf 79' lang='lat' dir='ltr'>ipso;</span> <span class='ocrx_word' id='word_1_473' title='bbox 1680 2828 1746 2864; x_wconf 81' lang='lat' dir='ltr'><strong><em>sed</em></strong></span> 
     </span>
    </p>
   </div>
  </div>
 </body>
</html>
