1890 3106
183 129 266 171 262
730 141 887 168 HORATI
918 141 1211 170 EPISTVLARVM

297 257 330 296 si
361 254 492 296 laedet
521 264 719 306 caupona,
753 253 1012 293 Ferentinum
1042 254 1101 293 ire
1130 253 1291 294 iubebo.

298 342 388 369 nam
421 339 551 380 neque
582 326 769 368 diuitibus
800 327 1035 379 contingunt
1065 327 1206 380 gaudia
1236 327 1348 374 solis,

295 415 370 443 nec
401 403 497 442 uixit
526 400 646 448 male,
679 401 746 454 qui
776 406 892 442 natus
922 401 1175 454 moriensque
1206 401 1357 443 fefellit.
1671 409 1714 441 10

296 478 328 517 si
358 475 549 529 prodesse
578 476 657 515 tuis
687 474 886 528 pauloque
916 474 1127 528 benignius
1157 477 1287 529 ipsum

294 556 333 590 te
363 555 533 590 tractare
563 548 695 596 uoles,
729 549 895 590 accedes
925 550 1054 590 siccus
1086 549 1133 590 ad
1163 555 1340 591 unctum.

296 625 351 664 ‘si
382 623 598 676 pranderet
628 622 742 663 holus
772 625 987 676 patienter,
1019 623 1179 676 regibus
1210 626 1266 665 uti

295 697 418 737 nollet
448 697 705 750 Aristippus'.
767 697 821 737 ‘si
851 698 971 738 sciret
1000 697 1163 749 regibus
1193 699 1270 744 uti,

297 770 492 811 fastidiret
524 770 637 811 holus
667 772 734 822 qui
765 782 828 810 me
858 775 1004 812 notat’.
1065 773 1193 812 utrius
1223 771 1366 812 horum
1673 778 1713 810 15

297 844 419 885 uerba
450 845 597 898 probes
629 850 667 885 et
696 845 798 885 sacta
829 845 947 890 doce,
979 844 1043 885 uel
1074 846 1205 886 iunior
1236 845 1347 890 audi,

297 931 368 959 cur
400 919 450 959 sit
479 918 668 971 Aristippi
698 919 829 971 potior
859 919 1068 968 sententia.
1127 931 1300 972 namque

301 992 528 1032 mordacem
560 993 749 1045 Cynicum
781 993 839 1032 sic
870 992 1073 1040 eludebat,
1107 997 1149 1032 ut
1180 994 1307 1033 aiunt:

297 1068 484 1106 ‘scurror
516 1078 588 1118 ego
618 1067 704 1118 ipse
736 1066 855 1112 mihi,
887 1065 1034 1119 populo
1063 1071 1125 1113 tu;
1158 1068 1309 1107 rectius
1339 1067 1414 1108 hoc
1445 1072 1484 1107 et

183 1251 437 1279 TESTIMONIA
444 1268 451 1275 .

182 1320 273 1351 nata
298 1320 355 1350 est
380 1317 488 1351 arbor
511 1317 549 1349 in
574 1325 680 1350 aruo:
708 1327 780 1350 non
805 1316 990 1350 hominum
1015 1317 1243 1360 strepitus
1268 1317 1388 1359 audit,
1416 1325 1488 1351 non
1504 1316 1570 1351 illa
1594 1320 1714 1351 rota·

186 1373 295 1404 rum,
322 1373 395 1396 non
420 1373 442 1395 a
467 1362 591 1396 uicina
617 1362 943 1406 puluerulenta
968 1364 1031 1395 uia
1057 1365 1132 1396 est'

273 1410 293 1442 9
319 1419 372 1451 sq.
398 1407 639 1441 Hildebertus
662 1408 788 1441 moral.
816 1407 948 1452 philos.
973 1419 1007 1452 p.
1034 1410 1100 1442 990
1203 1410 1224 1441 9
1250 1409 1397 1442 ecbasis
1422 1409 1564 1452 captiui
1586 1419 1622 1445 u.
1648 1408 1715 1442 988

274 1455 315 1487 10
340 1450 487 1496 Porph.'
510 1453 556 1486 ad
582 1454 690 1496 epist.
715 1454 733 1486 I
759 1455 819 1496 18,
848 1455 911 1487 103
1017 1455 1058 1487 12
1087 1453 1306 1497 glossarium
1329 1455 1406 1487 Mai
1432 1453 1593 1498 [classic.
1616 1456 1716 1488 auct.

182 1500 272 1533 VIII
293 1497 374 1543 25]:
406 1499 658 1532 ‘tetrarehare
684 1500 707 1534 i.
734 1509 765 1532 e.
791 1499 1014 1542 principari,
1046 1499 1142 1532 unde
1174 1499 1352 1533 Horatius
1382 1500 1422 1533 in
1452 1499 1547 1533 libro
1578 1499 1715 1543 episto-

182 1546 315 1579 larum:
342 1544 573 1578 tetrarehare
599 1544 728 1577 uolens
752 1544 910 1578 accedes
934 1545 1056 1578 siccus
1081 1545 1129 1577 ad
1152 1547 1322 1578 unetum’
1463 1545 1642 1579 ‘accedes
1671 1562 1714 1569 —-

181 1593 354 1624 unctum'
386 1583 532 1632 Porph.'
558 1589 604 1622 ad
637 1590 744 1633 epist.
774 1590 792 1622 1
825 1591 884 1629 14,
910 1591 951 1622 21
978 1590 1061 1623 Aer.
1095 1590 1143 1623 ad
1174 1595 1244 1625 art.
1267 1593 1366 1633 poet.
1390 1591 1457 1623 422
1596 1591 1638 1624 13
1663 1590 1712 1623 ef.

183 1638 344 1670 Ioannes
370 1635 663 1669 Saresberiensis
689 1635 815 1678 policr.
841 1636 873 1668 V
899 1637 956 1669 172
989 1638 1107 1678 ‘quae
1140 1636 1194 1672 sie
1225 1635 1383 1678 prandet
1407 1636 1489 1669 olus
1513 1636 1712 1680 patienter,

184 1683 291 1715 rebus
316 1685 357 1714 ut
382 1681 437 1714 uti
459 1681 605 1713 nouerit
630 1685 668 1714 et
693 1691 811 1714 rerum
837 1691 931 1723 quae
957 1681 1011 1713 sic
1036 1684 1206 1714 uersatur
1223 1683 1260 1713 in
1277 1691 1360 1718 usu.
1386 1684 1427 1714 ut
1443 1681 1522 1714 olus
1547 1683 1584 1715 et
1601 1690 1713 1724 quae-

181 1727 275 1760 libet
301 1731 487 1759 extremae
513 1727 746 1769 paupertatis
770 1726 880 1759 xenia
907 1726 1018 1759 docta
1043 1727 1092 1758 sit
1117 1737 1190 1759 non
1208 1726 1398 1760 fastidire’
1483 1728 1524 1760 19
1550 1729 1715 1761 ‘scurror

184 1791 224 1797 -—
251 1772 360 1806 mihi'
386 1771 603 1815 glossarium
629 1772 705 1805 Mai
731 1769 895 1815 [classic.
923 1775 1020 1807 auct.
1047 1772 1137 1805 VIII
1161 1770 1241 1815 550]

185 1933 314 1962 VARIA
343 1933 510 1961 LECTIO.

297 1996 322 2034 8
344 1996 462 2033 laedet
482 1992 535 2032 A'
548 1997 587 2033 F
606 1995 644 2044 (ν
663 1998 676 2034 l
698 2002 730 2031 et
750 2007 780 2031 π
797 1995 821 2032 2
844 1995 1001 2044 Bland.)
1023 1995 1120 2032 ledet
1140 2008 1164 2046 γ
1179 1995 1199 2031 λ
1218 1991 1276 2046 (β’
1289 2003 1314 2031 σ
1328 2009 1353 2045 9
1366 2008 1388 2032 r
1408 2003 1440 2032 et
1454 1996 1574 2044 Lips.)
1593 1998 1710 2046 yles-5.

184 2053 223 2089 Γ
245 2053 334 2090 ledit
355 2054 393 2090 E
418 2055 504 2100 flor.
531 2054 660 2091 Nostr.
696 2050 815 2104 [laedit
836 2052 858 2089 2
883 2048 1044 2103 Bland.]
1077 2052 1176 2087 ledat
1195 2065 1221 2089 v
1241 2065 1267 2101 y
1338 2063 1450 2102 caupo
1483 2054 1550 2090 E1
1629 2064 1712 2090 cau-

183 2122 277 2159 pona
300 2129 308 2137 ·
331 2111 638 2161 tserentQunlire
669 2112 701 2146 A
807 2110 1028 2146 terentinum
1058 2121 1082 2158 γ
1109 2108 1148 2157 (a
1177 2122 1199 2146 r
1227 2109 1255 2157 1)
1285 2109 1503 2147 ferentinum
1534 2110 1572 2147 E
1588 2110 1628 2147 F
1643 2106 1713 2147 λέ

183 2164 274 2215 (β’ν
295 2177 318 2203 σ
338 2180 362 2216 9
383 2180 407 2203 v
428 2180 524 2204 cons.
545 2163 607 2214 π’)
637 2167 748 2215 Porf.
772 2167 891 2203 schol.
917 2165 954 2201 Γ
975 2168 1065 2214 flor.
1098 2166 1229 2204 Nostr,
1261 2167 1451 2201 ferentiam
1480 2167 1627 2214 Porplz,

184 2225 206 2261 9
231 2220 366 2274 neque]
391 2235 463 2257 non
485 2225 735 2261 Hildebertus
756 2235 836 2270 opp.
858 2219 972 2270 ΡΜ]
983 2224 1069 2270 flor.
1093 2223 1223 2261 Nostr.
1302 2221 1404 2273 sollis
1426 2223 1459 2259 A
1480 2223 1559 2258 sola
1579 2224 1711 2262 Hilde-

182 2282 313 2318 bertus
417 2280 466 2317 12
498 2281 650 2315 accedas
678 2282 840 2329 slorz'ley.
873 2280 1002 2317 Nostr.
1102 2279 1337 2316 adinunctum
1358 2281 1413 2327 E,
1445 2292 1550 2318 corr.
1571 2282 1638 2318 alt.
1660 2293 1709 2318 m.

183 2337 378 2374 adunctum
406 2340 468 2375 uel
496 2337 538 2374 ad
566 2341 715 2374 unctum
737 2331 820 2386 A'y
841 2338 879 2373 F
896 2333 935 2372 λ’
954 2347 971 2372 ε
995 2332 1046 2380 ς”
1067 2333 1181 2384 ΡρΙι.’
1202 2337 1295 2374 Aer.
1316 2338 1368 2373 ad
1387 2342 1462 2374 art.
1482 2342 1586 2385 poet.
1611 2339 1711 2386 yles-

183 2397 329 2431 sarium
350 2395 433 2431 Mai
449 2393 562 2442 Porf.
584 2395 637 2431 ad
656 2396 766 2442 epist.
788 2393 802 2429 1
827 2393 899 2440 14,
922 2392 972 2430 21
997 2395 1113 2441 floril.
1138 2393 1267 2431 Nostr.
1301 2392 1360 2440 (ad
1380 2394 1542 2428 iunctum
1562 2394 1708 2441 Porpk.

180 2450 284 2498 ibid.)
314 2451 504 2485 inunctum
523 2462 549 2498 y
573 2446 651 2501 [V]
743 2450 794 2487 13
824 2450 931 2487 holus
955 2446 1080 2494 ,Ω”ς’
1101 2451 1201 2497 Pplz.
1231 2449 1312 2484 olus
1332 2446 1414 2487 w'r
1436 2451 1501 2498 Pf.
1522 2451 1610 2498 flor.
1633 2451 1710 2488 Νο-

182 2509 367 2545 stradam.
454 2508 639 2557 pacienter
668 2517 685 2542 ε
773 2519 836 2544 uu.
861 2506 913 2543 14
938 2518 994 2555 sq.
1027 2509 1130 2544 omis.
1164 2519 1195 2554 φ
1217 2517 1230 2543 1
1261 2519 1299 2544 u.
1324 2506 1376 2543 14
1407 2508 1511 2544 omis.
1542 2513 1578 2555 ψ
1599 2517 1612 2544 1
1643 2511 1712 2544 aut

181 2577 243 2611 pr.
278 2561 316 2600 λ’
332 2577 395 2612 pr.
429 2563 476 2612 (et
505 2561 531 2613 β
553 2563 580 2611 1)
609 2577 648 2601 u.
682 2563 732 2601 15
765 2570 847 2599 ante
878 2576 914 2600 u.
941 2563 992 2600 14
1020 2576 1105 2610 pon.
1128 2558 1175 2599 π’
1206 2568 1312 2601 reete
1342 2559 1445 2600 cett!
1463 2563 1550 2612 ς(ει
1570 2563 1711 2610 Fran.)

181 2623 342 2670 florz'ley.
377 2622 623 2659 Nostradam.
722 2620 772 2658 15
805 2620 998 2657 Fastidires
1028 2622 1061 2657 A
1165 2620 1271 2657 holus
1300 2616 1423 2664 ,Ω”ς’
1455 2619 1502 2668 (et
1521 2619 1564 2668 π)
1592 2621 1709 2668 floril.

184 2679 434 2716 Nostradam.
467 2678 548 2712 olus
579 2690 601 2714 r
630 2676 677 2725 (et
706 2677 809 2725 Lips.
831 2688 847 2713 2
858 2693 869 2719 ,·
898 2678 1001 2724 Lips.
1027 2688 1040 2714 1
1070 2690 1142 2712 non
1173 2675 1294 2725 liquet)
1391 2677 1440 2714 17
1473 2677 1646 2726 aristyppi
1676 2678 1714 2714 F

182 2731 221 2771 λ’
253 2734 336 2781 (sed
363 2736 461 2772 idem
491 2738 597 2772 recte
627 2746 665 2771 u.
699 2733 764 2780 14)
870 2745 976 2781 nanq‚
1003 2735 1041 2770 E
1145 2734 1197 2772 18
1228 2734 1380 2770 cinicum
1411 2745 1434 2782 γ
1534 2733 1712 2768 illudebat

184 2791 374 2838 Cruquius
403 2793 449 2828 de
481 2792 673 2829 codicibus
702 2793 784 2828 suis
812 2791 898 2825 nihil
927 2803 1126 2826 memorans
1156 2803 1237 2838 opp.
1269 2790 1374 2826 etiam
1409 2786 1518 2838 Pph!
1546 2791 1710 2840 florite'q.

184 2847 429 2898 Nostrctdam.
523 2848 572 2885 19
603 2843 757 2899 rectius]
789 2846 936 2896 regibus
968 2849 1005 2885 F
1023 2844 1137 2895 tl'pr.
