1890 3106
781 107 862 133 Lm.
895 106 908 132 1
936 105 985 140 16,
1010 105 1111 132 44-(31
1648 90 1732 133 259

301 227 344 262 tu
377 219 477 260 nihil
509 219 694 260 admittes
724 219 764 259 in
797 223 835 258 te
866 219 1080 260 formidine
1113 233 1283 274 poenae:

302 296 354 335 sit
383 307 474 347 spes
505 292 690 348 fallendi,
721 293 910 334 miscebis
940 307 1053 335 sacra
1083 295 1292 349 profanis..

301 382 393 410 nam
424 368 473 408 de
503 367 610 408 mille
640 367 755 409 fabae
786 368 930 409 modiis
961 382 1051 410 cum
1081 369 1258 422 subripis
1290 381 1433 414 unum,
1687 373 1730 404 55

303 444 488 484 damnum
521 448 596 489 est,
629 455 708 483 non
740 443 913 491 facinus,
946 444 1042 484 mihi
1072 449 1189 497 paeto
1220 443 1352 483 lenius
1382 443 1495 482 isto’.

302 519 364 558 uir
396 517 543 563 bonus,
578 529 697 557 omne
728 516 860 558 forum
892 529 1010 569 quem
1041 523 1196 571 spectat
1228 522 1266 557 et
1296 528 1414 556 omne
1446 516 1642 561 tribunal,

302 592 634 646 quandocumque
665 591 762 632 deos
792 591 858 632 uel
888 604 1013 644 porco
1045 593 1109 634 uel
1140 592 1245 633 boue
1277 591 1429 644 placat,

303 666 419 706 ‘lane
450 666 606 719 pater12
638 665 764 713 clare,
799 665 905 706 clare
937 680 1025 706 cum
1058 667 1157 707 dixit
1189 665 1398 719 ‘Apollol’

302 740 412 782 labra
443 746 578 780 mouet
608 745 791 781 metuens
822 741 950 781 audiri
982 741 1172 794 ‘pulchra
1204 740 1404 786 Lauerna,
1688 745 1732 776 60

303 815 351 855 da
381 815 478 854 mihi
511 812 666 861 fallere,
700 814 747 855 da
778 816 884 855 iusto
915 820 1132 869 sanctoque
1165 814 1317 861 uideri,

187 966 459 994 TESTIMONIA.

188 1031 328 1076 specul.
359 1031 485 1064 histor.
512 1031 582 1065 VII
605 1032 649 1065 68
675 1032 867 1066 ⁴Iohannes
900 1032 945 1065 (le
977 1031 1213 1066 Monsterolio
1246 1031 1356 1075 epist.
1382 1031 1424 1063 75
1457 1027 1571 1074 [apud
1594 1030 1732 1063 Marte-

188 1079 288 1111 nium
312 1080 407 1109 uett.
434 1077 581 1120 seriptt.
608 1078 718 1121 ampl.
747 1078 828 1114 coll.
846 1078 884 1111 II
903 1076 1032 1122 145311]
1131 1079 1174 1112 59
1200 1087 1280 1121 sqq.
1305 1077 1472 1110 imitatus
1499 1079 1557 1109 est
1581 1076 1732 1109 Persius

187 1125 226 1164 2,
252 1123 326 1156 8-
339 1124 399 1157 1οε
426 1125 567 1156 “mens
592 1123 708 1165 bona,
736 1124 850 1166 fama,
875 1123 1006 1157 fidesl’
1024 1142 1068 1147 —
1086 1123 1179 1157 haee
1196 1124 1296 1156 clare
1315 1125 1352 1155 et
1368 1124 1409 1155 ut
1427 1122 1557 1155 audiat
1575 1122 1729 1164 hospes:

187 1169 255 1202 illa
281 1168 353 1202 sibi
376 1169 574 1202 introrsum
599 1173 636 1202 et
653 1170 720 1202 sub
746 1169 876 1213 lingua
901 1173 1121 1203 murmurat:
1148 1173 1190 1202 ‘o
1217 1171 1247 1202 si
1266 1168 1422 1202 ebulliat
1445 1171 1601 1211 patruus
1625 1178 1732 1210 prae-

188 1215 326 1249 clarum
351 1214 479 1247 funus!
500 1241 507 1249 .
526 1239 533 1247 .
552 1217 578 1247 .'
673 1216 717 1249 60
734 1226 787 1258 sq.
814 1216 989 1259 ‘pulchra
1016 1234 1057 1239 —
1083 1215 1224 1249 uideri'
1249 1215 1410 1248 Ioannes
1437 1213 1732 1248 saresberiensis

189 1261 299 1304 epist.
323 1262 391 1294 ‘250
479 1261 533 1293 ‘60
559 1261 609 1293 cf.
637 1261 738 1296 Pers.
766 1263 798 1302 5,
826 1263 909 1295 184:
937 1261 1065 1296 ‘labra
1092 1271 1218 1295 moues
1243 1261 1405 1294 taeitus’
1507 1260 1550 1292 61
1577 1258 1648 1292 eda
1667 1284 1675 1292 .
1695 1284 1703 1292 .
1723 1286 1730 1294 .

189 1307 257 1339 da’
284 1306 334 1339 ef.
365 1307 466 1342 Pers,
493 1307 531 1347 2,
557 1307 600 1339 45
626 1316 680 1349 sq.

189 1446 317 1474 VARIA
346 1445 514 1473 LECTIO.

189 1518 413 1563 adscriptus
443 1519 521 1552 est.-
561 1514 697 1551 Oderfit
727 1526 876 1564 peceare
915 1515 999 1552 mali
1037 1499 1214 1553 sormidffi
1241 1526 1367 1564 pense,
1397 1526 1492 1551 cons.
1524 1527 1550 1563 y
1584 1509 1730 1564 [Bccsil.

187 1585 204 1611 2
234 1573 448 1611 Mellicens.
482 1583 586 1610 corr.
621 1572 869 1610 Nostradam.
897 1583 913 1609 2
944 1569 1029 1623 alii]
1066 1573 1278 1611 Hildebert.
1322 1573 1544 1610 Vincentius
1586 1571 1731 1609 Iohan-

187 1641 258 1668 nes
287 1632 335 1668 de
363 1629 612 1668 Monsterolio
649 1634 692 1673 cf.
725 1634 910 1678 apparat.
944 1632 1068 1668 critic.
1103 1631 1213 1678 epist.
1246 1630 1258 1666 1
1291 1629 1337 1677 2,
1369 1629 1441 1672 57;
1481 1639 1638 1666 uersum
1675 1630 1731 1665 in-

189 1690 422 1736 terpolatum
451 1699 527 1724 non
560 1688 744 1725 exhibent
774 1681 846 1724 52⁰
865 1683 920 1732 ς”
949 1690 1112 1737 flor-[leq.
1151 1688 1397 1725 Nostradam.
1528 1685 1581 1724 53
1613 1697 1732 1735 poene

189 1747 227 1783 E
246 1745 266 1782 λ
296 1755 392 1794 pene
421 1756 445 1793 γ
577 1744 631 1781 54
662 1744 698 1781 Si
730 1757 821 1793 φρ.
843 1755 924 1781 ras.
1042 1745 1181 1782 fallenti
1213 1757 1230 1782 ε
1340 1744 1509 1778 miscebit
1537 1745 1550 1781 l
1579 1755 1642 1791 pr.

189 1815 254 1841 uu.
289 1801 455 1840 55—58
489 1803 557 1838 del.
589 1802 827 1839 Franckeus
856 1813 939 1848 opp.
969 1804 1135 1852 florileg).
1170 1803 1418 1840 Nostradam.
1509 1813 1574 1839 uu.
1596 1800 1649 1838 55
1672 1812 1729 1850 sq.

190 1863 257 1897 del.
293 1859 466 1906 Guyelus
583 1858 635 1896 55
666 1859 774 1893 sabae
806 1887 814 1894 .
840 1885 848 1892 .
873 1884 882 1892 .
916 1870 1024 1893 unam
1053 1860 1143 1897 coni,
1179 1860 1466 1909 Cum'nyhamus
1499 1859 1618 1892 fabam
1653 1884 1660 1892 .
1686 1884 1694 1892 .
1720 1885 1729 1893 .

190 1929 297 1952 unam
328 1912 376 1967 [!]
408 1915 693 1963 Peerlkampzcs
724 1929 805 1963 opp.
839 1917 944 1951 etiam
965 1917 1204 1966 Auyustinus
1233 1918 1280 1954 de
1300 1917 1476 1954 mendac.
1510 1927 1545 1953 c.
1570 1915 1641 1952 12:
1674 1914 1730 1950 esi

189 1975 284 2010 enim
315 1976 517 2019 quaeratur
547 1973 637 2018 quid
669 1973 768 2007 obsit
798 1973 931 2008 homini
963 1974 1080 2020 copiis
1111 1973 1315 2020 superfluis
1346 1972 1591 2017 redundanti,
1623 1972 1655 2006 si
1686 1973 1731 2008 de

187 2030 392 2067 innumeris
422 2029 568 2064 milibus
598 2031 864 2066 frumentorum
893 2030 1034 2065 amittat
1062 2042 1173 2065 unum
1203 2031 1379 2075 modium,
1412 2030 1476 2076 qui
1505 2034 1625 2063 tamen
1657 2042 1731 2064 mo-

189 2090 274 2124 dius
303 2087 426 2136 possit
455 2087 500 2120 ad
532 2087 781 2123 necessarium
814 2088 950 2122 uictum
971 2089 1153 2134 prodesse
1183 2088 1345 2123 furanti:
1377 2098 1614 2133 consequens
1646 2087 1729 2132 erit,

191 2151 232 2181 ut
268 2152 305 2181 et
341 2146 479 2179 furtum
516 2144 599 2179 sine
639 2145 928 2191 reprehensione
967 2146 1049 2180 fieri
1087 2145 1207 2192 possit
1245 2150 1281 2180 et
1317 2145 1450 2179 falsum
1480 2144 1731 2179 testimonium

190 2205 271 2238 sine
302 2206 451 2249 peccato
483 2201 568 2238 dici.
608 2214 681 2248 quo
713 2203 801 2248 quid
831 2203 902 2237 dici
933 2207 1058 2249 potest
1089 2201 1359 2249 peruersius‘3’
1475 2197 1625 2252 modiis]
1659 2214 1727 2239 om.

187 2263 200 2298 l
227 2273 292 2309 pr.
323 2258 452 2297 modus
483 2269 501 2294 ε
531 2272 568 2296 α.
601 2271 682 2297 ras.
715 2259 741 2307 (l
773 2260 892 2308 corr.)
992 2260 1150 2309 subripis
1181 2257 1328 2297 A'Fll
1348 2271 1365 2296 ε
1394 2256 1487 2307 (π’ν
1508 2258 1547 2306 υ)
1578 2259 1731 2308 surripis

189 2319 228 2355 E
243 2331 268 2368 γ
288 2312 347 2366 (β’
367 2329 391 2352 ν
412 2324 436 2351 σ
455 2328 479 2365 9
498 2314 526 2363 2)
553 2319 642 2365 flor.
678 2317 807 2354 Noslr.
930 2317 983 2355 56
1014 2318 1212 2367 Dainpnum
1243 2319 1281 2355 F
1300 2314 1340 2353 λ’
1370 2319 1533 2366 florileg).
1567 2317 1730 2354 Nostra-

141 2413 151 2420 ,
188 2376 288 2413 dam.
322 2375 431 2411 Dauni
461 2374 492 2409 A
530 2381 623 2410 recte
660 2376 766 2410 etiam
796 2371 909 2422 Plebs
1027 2379 1133 2421 pacto
1172 2375 1256 2409 mihi
1294 2374 1417 2409 leuius
1456 2374 1529 2407 isto
1564 2375 1729 2423 florileg,

190 2433 373 2470 Nostrad.
463 2430 514 2467 57
546 2429 721 2483 tribunal]
755 2434 859 2469 omis.
892 2432 925 2469 Α
952 2441 963 2467 1
1069 2431 1121 2470 58
1153 2429 1338 2481 Qiioeunsp
1373 2433 1412 2469 E
1430 2430 1483 2479 (v)
1571 2441 1680 2479 pareo
1713 2443 1730 2467 ε

301 2489 420 2538 placet
450 2499 467 2524 ε
494 2497 505 2523 1
538 2494 639 2537 pacat
660 2488 762 2537 λρν.
861 2488 913 2526 59
944 2489 1068 2534 salue,
1099 2489 1197 2524 clare
1227 2501 1307 2524 cum
1337 2489 1430 2523 dixit
1450 2487 1579 2533 Apella
1599 2489 1729 2526 Fran-

190 2547 311 2584 clceus
341 2541 344 2545 ’
396 2544 492 2582 clare
512 2563 520 2573 ·
539 2545 632 2582 clare
655 2547 694 2583 E
709 2559 733 2596 γ
753 2557 771 2582 ,ε
796 2556 806 2582 1
840 2541 878 2590 ς’
906 2548 995 2594 flor.
1020 2547 1150 2584 Nostr.
1184 2546 1280 2583 clare
1312 2547 1427 2584 semel
1456 2557 1548 2593 pon.
1570 2545 1603 2582 A
1629 2554 1639 2581 1
1659 2547 1698 2582 F
1717 2556 1727 2582 1

190 2599 254 2640 λέ
275 2615 292 2641 2
313 2602 421 2651 (cons.
446 2595 505 2650 π’)
516 2618 527 2645 ,-
564 2602 598 2639 Α
621 2614 638 2640 2
669 2605 757 2641 add.
791 2605 956 2641 alterum
988 2602 1123 2641 ‘dixit'
1153 2604 1236 2640 item
1265 2606 1277 2641 l
1308 2604 1419 2652 infra
1450 2612 1608 2640 uersum
1638 2609 1726 2650 osy

190 2657 449 2711 [Petropol.];
479 2659 586 2695 clare-
607 2660 743 2695 tacitus
774 2673 800 2709 y
830 2660 927 2695 clare
958 2661 1114 2707 supplex
1143 2673 1169 2709 y
1258 2673 1338 2698 eum
1369 2655 1508 2704 52“;''
1541 2664 1614 2705 que
1645 2668 1669 2696 6

190 2718 241 2755 61
273 2719 370 2754 iusto
400 2712 452 2754 A'
469 2717 507 2753 E
525 2715 563 2764 (ν
582 2729 598 2754 2
620 2717 724 2765 aar.)
745 2730 770 2766 y
794 2714 843 2768 [π
869 2727 877 2752 ¹
918 2719 949 2755 V
972 2718 1186 2756 Mellicens.
1210 2719 1486 2766 Montepessul.
1514 2725 1528 2752 1
1554 2717 1726 2755 Parz'sin.

189 2773 299 2812 8214
328 2788 352 2812 a
380 2785 408 2812 1.
428 2771 497 2825 m.]
532 2775 659 2812 Bentl.
691 2777 781 2812 conl.
814 2786 928 2812 serm.
962 2775 975 2811 1
1006 2775 1054 2823 4,
1085 2775 1138 2814 39
1171 2780 1246 2813 art.
1276 2779 1380 2823 poet.
1415 2774 1496 2813 372
1535 2776 1672 2812 iustum
1703 2788 1727 2824 γ

189 2832 227 2868 F
243 2828 309 2868 λέ
335 2844 358 2876 ς
382 2830 430 2879 (et
457 2828 483 2880 β
493 2828 504 2841 '
531 2832 637 2880 Lips.
668 2834 753 2870 rell.
788 2831 943 2880 Bland.)
974 2844 1005 2869 ω
1033 2835 1198 2883 flore'ley.
1231 2833 1479 2870 Nostradam.
1599 2837 1726 2870 sancto
