1890 3106
805 176 872 205 vv.
906 176 1041 203 140—-169
1611 159 1696 204 345

268 302 347 330 non
379 302 496 330 secus
528 302 573 330 ac
603 294 717 330 notas
748 290 971 330 auditorem
1003 291 1109 341 rapit
1140 294 1179 330 et
1209 300 1311 341 quae

267 364 454 418 desperat
485 369 648 404 tractata
679 365 876 404 nitescere
908 375 1046 416 posse,
1079 363 1287 415 relinquit,
1630 368 1697 401 150

269 443 387 491 atque
417 439 471 478 ita
503 439 714 484 mentitur,
747 439 803 478 sic
834 438 944 478 ueris
975 437 1070 478 falsa
1103 438 1309 484 remiscet‚

266 514 397 565 primo
428 524 478 552 ne
510 512 703 558 medium,
737 511 869 552 medio
900 524 950 552 ne
982 512 1183 565 discrepet
1213 512 1348 553 imum.

268 592 310 627 tu
341 586 434 639 quid
467 598 539 638 ego
571 591 610 626 et
639 586 814 640 populus
844 598 1002 627 mecum
1035 585 1235 625 desideret
1265 584 1370 626 audi.

268 662 301 701 si
330 661 502 713 plosoris
534 672 628 711 eges
659 659 795 700 aulaea
827 659 1025 700 manentis
1056 664 1095 699 et
1125 670 1254 710 usque

272 735 444 784 sessuri,
480 733 608 773 donec
639 739 778 774 cantor
809 734 907 774 ‘uos
937 732 1138 786 plaudile'
1170 732 1293 780 dicat,
1630 739 1695 771 155

269 809 408 849 aetatis
439 809 630 860 cuiusque
661 807 824 849 notandi
855 814 948 848 sunt
978 807 1052 848 tibi
1081 820 1234 854 mores,

266 881 557 936 mobilibusque
589 883 710 923 decor
741 883 893 923 naturis
924 882 1077 922 dandus
1109 889 1147 921 et
1177 883 1302 922 annis.

265 957 435 996 reddere
468 958 536 1007 qui
566 970 686 997 uoces
718 958 794 997 iam
825 958 901 997 scit
930 968 1032 1009 puer
1063 962 1103 996 et
1132 955 1234 1008 pede
1266 962 1376 996 certo

266 1032 397 1083 signat
427 1031 611 1077 humum,
644 1032 761 1082 gestit
790 1030 953 1083 paribus
984 1030 1199 1070 conludere
1232 1035 1271 1070 et
1301 1031 1401 1070 iram

154 1169 422 1196 TESTIMONIA.

245 1224 308 1256 151
334 1233 391 1266 sq.
417 1224 563 1257 ecbasis
589 1225 731 1267 captiui
755 1225 822 1257 482
848 1234 901 1266 sq.
989 1224 1072 1257 ‘Sic
1096 1223 1195 1257 ueris
1219 1241 1266 1247 —-
1290 1224 1421 1256 imum'
1447 1224 1602 1267 florileg.
1621 1225 1694 1258 No-

150 1268 326 1302 stradam.
423 1270 486 1303 151
512 1270 560 1302 cf.
588 1269 719 1302 Senec.
745 1269 896 1302 Hercul.
924 1270 991 1302 fur.
1022 1271 1127 1303 1075:
1165 1270 1286 1302 ‘ueris
1311 1270 1470 1303 miscens
1498 1270 1617 1303 falsa’

244 1314 308 1346 152
335 1315 383 1346 cf.
404 1315 612 1348 Willelmus
636 1315 716 1347 uita
742 1325 769 1347 s.
796 1315 975 1348 Thomae:
1003 1318 1071 1348 ‘ne
1097 1315 1250 1358 primum
1275 1315 1412 1358 medio,
1439 1315 1600 1348 medium
1625 1327 1695 1350 nec

154 1359 343 1403 discrepet
360 1362 454 1393 imo’
549 1371 609 1395 uu.
630 1362 827 1394 158-—1762
854 1361 1046 1393 ‘Reddere
1064 1377 1104 1383 —
1126 1361 1311 1393 adimunt'
1340 1360 1485 1394 floril.
1512 1362 1695 1395 Nostra-

152 1405 260 1437 dam.
357 1406 548 1439 158-174
571 1406 815 1439 Hildebertus
841 1406 966 1440 moral.
993 1406 1125 1448 philos.
1150 1417 1185 1448 p.
1211 1408 1279 1439 982
1386 1408 1579 1440 158—165
1606 1408 1696 1440 Vin-

153 1450 300 1483 centius
326 1452 608 1485 Bellouacensis
635 1452 772 1494 specul.
800 1453 930 1487 histor.
956 1453 1026 1485 V11
1051 1453 1094 1484 67
1190 1452 1254 1484 158
1279 1462 1332 1494 sq.
1361 1452 1536 1485 ‘reddere
1561 1471 1604 1476 —
1631 1453 1696 1486 hu-

152 1499 268 1529 mum’
295 1497 410 1530 schol.
440 1496 554 1530 Statii
579 1497 689 1530 Theb.
718 1497 793 1530 1111
818 1498 884 1530 257
910 1509 944 1540 p.
972 1499 1035 1531 131

149 1613 282 1642 VARIA
313 1613 482 1641 LEOTIO.

264 1707 302 1734 u.
338 1694 417 1732 149
449 1695 544 1731 omis.
565 1707 591 1743 y
614 1690 868 1744 [Taurinens.
890 1691 922 1745 1]
1016 1693 1094 1732 149
1126 1663 1199 1731 Νὲἓ
1229 1706 1254 1732 u
1284 1694 1364 1731 Non
1393 1691 1562 1739 cett.'5'''
1593 1696 1697 1754 Haut

150 1798 176 1834 y
282 1759 443 1833 abditas,
483 1788 536 1822 ad
563 1798 686 1835 mary.
717 1760 757 1822 ai:
788 1791 892 1822 notas
925 1798 949 1822 u
1068 1785 1150 1824 150
1180 1790 1294 1837 tracta
1324 1787 1362 1822 B
1456 1783 1587 1837 imum]
1622 1791 1695 1824 unii

86 1840 92 1851 '
152 1844 189 1879 Β
209 1842 247 1890 (r
264 1842 292 1890 1)
313 1855 339 1890 y
429 1842 508 1879 153
542 1840 627 1892 qssd
649 1855 666 1879 ε
757 1842 837 1880 154
869 1842 901 1875 si
925 1842 1083 1876 fautoris
1105 1854 1193 1886 eges
1214 1844 1304 1879 com‘.
1328 1844 1531 1880 Bentleius
1551 1849 1696 1890 specta-

152 1900 246 1933 toris
278 1911 367 1943 eges
397 1899 615 1936 Meinelcius
729 1899 889 1948 plosoris
920 1911 943 1948 γ
970 1900 1000 1934 Β
1024 1899 1053 1936 C
1071 1898 1091 1934 λ
1122 1910 1226 1936 corr.
1252 1897 1274 1934 ὁ
1294 1911 1310 1936 2
1332 1899 1370 1947 (a
1393 1899 1428 1947 r)
1448 1912 1475 1948 y
1505 1897 1567 1951 [V
1586 1901 1695 1939 Gem-

154 1958 327 1994 blacena
361 1957 531 1993 Gronou.
554 1957 660 2003 Lips.
682 1957 958 2003 Montepessut.
983 1968 1071 1993 uar.
1093 1956 1265 1993 Parisin.
1289 1956 1400 1994 8216
1423 1969 1445 1993 α
1470 1967 1495 1993 1.
1517 1970 1565 1995 m.
1594 1958 1695 1995 Tau-

153 2015 298 2051 rinens.
323 2023 335 2049 1
370 2009 604 2064 Valentiam]
638 2014 737 2061 Pplz.
768 2026 863 2049 cons.
896 2014 989 2050 Aer.
1024 2012 1180 2062 plusoris
1211 2015 1272 2050 uel
1302 2013 1385 2062 plus
1417 2014 1490 2049 oris
1520 2015 1559 2050 F
1575 2008 1616 2050 λ’
1637 2011 1660 2050 δ
1682 2025 1695 2051 1

153 2069 186 2118 (τ
209 2081 222 2108 1
252 2076 285 2106 et
304 2069 347 2118 π)
385 2070 565 2119 plausoris
597 2083 622 2107 u
643 2071 681 2106 Β
700 2082 718 2107 2
746 2081 945 2118 superscr.
978 2082 1008 2117 φ
1030 2081 1047 2107 2
1077 2065 1151 2106 2'2
1180 2065 1271 2119 (β’σ
1292 2083 1312 2106 τ
1333 2081 1349 2106 2
1371 2070 1411 2118 v)
1439 2070 1502 2118 Pf.
1534 2075 1692 2109 tractat.

164 2128 367 2166 Vindobon.
399 2130 437 2164 in
467 2130 712 2174 interpretat.
744 2127 800 2176 pl:
819 2128 945 2164 :isoris
977 2139 994 2164 ε
1025 2125 1216 2161 ‘Plosoris
1248 2132 1284 2161 et
1313 2127 1501 2173 plausoris
1531 2127 1693 2173 legitur-⁹

152 2186 245 2222 Aer.
335 2184 418 2234 aule
438 2185 473 2220 Β
502 2184 625 2220 aulaea
648 2184 677 2221 C
694 2180 807 2232 Pplz!
838 2184 939 2221 aulea
961 2181 1063 2222 celt.'
1170 2184 1250 2221 155
1282 2184 1424 2222 Sessori
1454 2184 1491 2220 B
1521 2184 1646 2222 Sesuri
1669 2186 1699 2223 0

260 2246 352 2289 pose
383 2241 477 2278 dicat
504 2246 688 2288 punctum
715 2253 807 2290 pon.
842 2243 950 2279 codd.
968 2253 1071 2289 pars
1102 2245 1139 2280 ec
1159 2241 1339 2279 Doederl.
1444 2242 1522 2279 157
1554 2241 1694 2279 Mobili-

152 2298 259 2347 busq,·
279 2310 297 2335 ε
327 2297 586 2346 Nobilibusque
612 2300 645 2334 B
731 2300 870 2335 naturis
891 2294 1019 2342 Ω.’ς”
1040 2303 1198 2335 tractat.
1232 2299 1436 2336 Vindobon.
1469 2299 1695 2337 Wielandus

152 2355 306 2390 maturis
326 2367 351 2404 y
374 2350 622 2405 [Upsalensis
645 2355 665 2391 1
711 2356 831 2392 Vatic.
856 2367 868 2392 1
902 2356 1163 2405 Viyorm'ensis
1192 2352 1304 2406 amn]
1337 2357 1465 2393 Bentl.
1498 2369 1579 2402 opp.
1613 2362 1692 2393 tra-

154 2417 248 2450 ctat.
282 2413 488 2450 Vindobon.
512 2410 672 2446 ‘dandus
695 2413 767 2457 est]
799 2424 915 2457 puero
946 2413 1171 2448 adolescenti
1194 2418 1231 2447 et
1251 2418 1392 2447 maturo
1424 2413 1505 2447 seni
1537 2406 1578 2449 τὸ
1609 2414 1695 2461 (ton

151 2482 175 2519 y
197 2469 232 2517 r)
262 2465 418 2518 πρέπον
447 2468 484 2502 id
516 2473 574 2503 est
604 2469 718 2503 decus
749 2463 984 2503 tribuendum
1016 2475 1085 2505 est.
1127 2469 1236 2504 annis
1267 2470 1312 2504 ad
1341 2469 1522 2518 (aocet-atem
1551 2470 1693 2518 retulit,

137 2526 296 2569 *naturis
330 2531 370 2560 ut
400 2526 497 2560 scias
529 2526 828 2571 quemadmodum
858 2526 990 2560 debeat
1020 2527 1079 2561 uir
1106 2526 1209 2572 loqui
1240 2531 1277 2561 et
1296 2527 1595 2574 quemadmodum
1617 2538 1694 2561 mu-

153 2581 244 2618 lier'
277 2579 396 2620 schol.
420 2583 466 2619 Γ.
498 2586 537 2620 in
569 2588 655 2620 arie
684 2585 838 2631 poetica
866 2584 1049 2630 particula
1079 2582 1161 2617 ‘et'
1201 2597 1377 2629 nusquam
1404 2586 1631 2631 postponitur
1661 2590 1695 2621 et

153 2644 200 2685 cf.
236 2640 344 2678 Ouid.
368 2642 480 2687 epist.
507 2639 572 2687 14,
596 2640 670 2677 55:
702 2638 859 2674 ‘femina
890 2652 969 2675 sum
1002 2646 1039 2675 et
1069 2640 1197 2686 uirgo,
1231 2647 1364 2675 natura
1393 2641 1488 2676 mitis
1511 2647 1548 2676 et
1568 2641 1694 2675 annis'

270 2719 349 2758 158
380 2690 518 2757 Reddere
549 2733 575 2757 u
684 2721 746 2768 qui
772 2716 898 2764 Ω’ς”
926 2722 1090 2769 florileg).
1124 2721 1373 2758 Nostradam.
1406 2732 1487 2755 cum
1510 2721 1565 2758 M.
1589 2721 1693 2758 Bon-

153 2778 244 2823 finis
330 2773 451 2827 certo]
487 2776 517 2813 C
543 2789 619 2814 non
647 2779 766 2825 liquet

267 2845 333 2871 uu.
367 2833 444 2871 159
461 2831 605 2873 -2200
634 2834 859 2872 DEFICIT
885 2836 967 2872 cod.
1000 2846 1041 2876 s,-
1071 2830 1134 2870 ,ΩΧ
1155 2850 1211 2864 =
1241 2847 1264 2883 γ
1287 2835 1323 2870 Β
1344 2835 1373 2872 C
1390 2835 1428 2871 F
1446 2832 1516 2871 k'd
1539 2847 1564 2872 u

159 2889 236 2927 159
270 2887 382 2926 humil
404 2892 449 2934 >
479 2887 546 2938 (=
576 2890 626 2939 et)
658 2891 772 2940 gestit
800 2891 832 2926 Β
918 2890 1115 2928 conludere
1138 2891 1167 2928 C
1187 2890 1207 2927 λ
1229 2888 1252 2926 δ
1272 2904 1297 2928 u
1318 2891 1357 2939 (a
1379 2898 1413 2927 et
1432 2891 1475 2940 π)
1506 2892 1693 2930 colludere
