1890 3106
795 96 878 123 ΜΒ.
910 95 924 121 1
951 95 982 129 1,
1006 94 1109 120 46—60
1642 78 1723 122 195

297 209 509 264 prodocet,
541 209 641 249 haec
668 209 857 249 recinunt
886 209 1054 249 iuuenes
1086 207 1232 249 dictata
1262 218 1481 258 senesque,
1677 212 1721 243 55

295 284 410 325 laeuo
443 284 627 337 suspensi
656 282 808 323 loculos
839 281 1097 336 tabulamque
1127 281 1290 322 lacerto.

297 364 357 400 est
386 360 542 400 animus
572 357 666 404 tibi,
700 362 793 398 sunt
821 370 974 406 mores,
1007 362 1066 397 est
1094 356 1230 409 lingua
1260 355 1459 409 fidesque,

295 434 365 474 sed
398 432 699 486 quadringentis
729 444 799 472 sex
831 436 983 484 septem
1014 430 1121 470 milia
1152 430 1312 470 desunt:

293 508 409 562 pleps
440 508 531 547 eris.
592 510 631 547 at
659 506 776 559 pueri
805 505 989 546 ludentes
1021 506 1115 544 ‘rex
1147 505 1251 544 eris'
1283 505 1394 544 aiunt

296 583 352 622 ‘si
381 585 492 622 recte
522 580 684 620 sacies’.
744 579 809 619 hic
839 592 978 619 murus
1009 591 1159 619 aeneus
1191 583 1293 624 esto,
1677 586 1721 617 60

181 720 453 749 TESTIMONIA.

269 787 314 820 58
331 796 385 830 sq.
411 786 460 819 cf.
483 784 675 818 quenalis
700 786 733 827 5,
760 786 824 818 132
850 794 946 828 sqq.:
973 783 1272 827 ‘quadringenta
1297 783 1369 817 tibi
1395 784 1511 827 siquis
1537 783 1627 817 deus
1654 787 1720 816 aut

180 832 309 866 similis
335 833 392 865 dis
418 835 456 865 et
479 831 610 865 melior
634 831 725 864 fatis
751 830 907 864 donaret
930 830 1145 864 homuncio.
1172 832 1334 872 quantus
1360 840 1404 862 ex
1421 829 1538 863 nihilo
1562 829 1719 863 fieres?'

270 880 314 912 59
339 889 392 921 sq.
419 877 547 922 ‘pueri
570 895 614 900 ——
640 877 778 909 faeies'
802 876 966 909 Ioannes
989 876 1239 910 Victoriensis
1263 876 1302 917 4,
1330 876 1347 908 1
1374 886 1410 918 p.
1435 877 1503 909 360
1526 875 1568 908 Β.

178 926 222 958 59
247 924 353 967 plebs
378 922 469 967 eris]
496 923 543 958 ef.
562 922 759 955 Gualtheri
773 922 877 956 Alex.
895 923 929 956 V
946 923 1029 956 507:
1056 925 1252 964 respectu
1277 921 1455 964 principis
1479 921 1589 955 huius
1613 920 1719 965 plebs

179 971 272 1004 erit’
366 971 410 1003 60
436 970 484 1005 cf.
509 968 673 1003 Isidorus
698 968 828 1012 origin.
854 968 966 1003 VIIII
989 970 1028 1010 3,
1051 969 1091 1000 4:
1119 968 1263 1010 ‘Reges
1291 978 1312 1000 a
1336 966 1500 1011 regendo
1526 993 1534 1001 .
1555 992 1563 1001 .
1582 991 1589 1000 .
1614 971 1719 1001 reete

1721 750 1734 769 Ι

176 1098 307 1127 VARIA
336 1097 501 1126 LECTIO.

292 1160 345 1198 55
374 1160 581 1210 Pprodocet
610 1157 634 1196 ὃ
663 1158 845 1196 Prodocet
876 1155 990 1197 cett.''
1014 1154 1067 1203 ς”
1098 1157 1146 1207 (et
1166 1157 1192 1195 4
1215 1157 1371 1206 Bland.)
1403 1160 1525 1197 schol.
1549 1158 1588 1194 Γ
1612 1160 1626 1196 1
1649 1158 1717 1208 20,

179 1219 199 1256 1
231 1220 396 1268 floriley,
430 1218 677 1255 Nos-tradam.
710 1216 892 1251 Predocet
920 1219 977 1252 uel
1007 1216 1213 1250 Praedocet
1241 1224 1264 1251 6
1282 1229 1309 1265 y
1333 1212 1540 1268 [Barcha]
1564 1229 1595 1253 ω
1626 1216 1714 1252 Per—

177 1276 285 1310 docet
309 1287 335 1324 y
368 1287 399 1312 ω
426 1274 570 1310 Edocet
598 1287 624 1323 y
751 1285 936 1320 senesque
974 1277 1011 1308 et
1047 1274 1136 1310 coni.
1172 1273 1454 1316 Marklandu85
1490 1275 1717 1323 iuuenesque

176 1327 356 1382 senesque
392 1333 498 1368 habes
534 1332 639 1368 etiam
677 1332 786 1379 apud
817 1330 924 1369 Ouid.
956 1335 1043 1368 met.
1076 1330 1149 1367 VIII
1180 1330 1262 1368 525
1300 1331 1411 1369 Pers.
1445 1330 1492 1379 5,
1526 1330 1578 1370 64
1618 1330 1715 1369 Stat.

181 1389 296 1428 Theb.
322 1390 348 1425 V
371 1389 465 1428 149.
493 1390 598 1436 pueri
624 1401 710 1425 uero
739 1389 793 1424 hic
821 1389 1007 1433 manifesto
1038 1389 1262 1435 excipiuntur
1291 1390 1372 1424 uide
1401 1401 1466 1426 uu.
1500 1388 1566 1426 59.
1598 1389 1649 1427 62

270 1460 308 1485 ιι.
341 1447 394 1485 56
427 1447 599 1495 Guyetus
629 1448 770 1495 aliique
801 1448 990 1482 delendum
1020 1451 1181 1482 censent.-
1211 1458 1298 1481 nam
1327 1448 1471 1482 turbato
1501 1447 1539 1482 in
1567 1459 1715 1492 sequen—

175 1505 266 1541 tibus
303 1505 427 1540 ordine
464 1510 497 1540 et
532 1504 774 1551 Porphyrionis
802 1504 939 1539 silentio
971 1505 1059 1539 adeo
1098 1509 1284 1551 augentur
1317 1504 1547 1551 suspiciones,
1587 1511 1627 1540 ut
1652 1509 1714 1550 fa-

175 1575 252 1598 core
281 1574 354 1597 non
380 1562 538 1611 possint,
574 1562 658 1606 quin
694 1562 787 1597 hunc
815 1573 959 1597 uersum
989 1574 1031 1596 ex
1061 1571 1175 1598 serm.
1207 1560 1221 1596 I
1252 1560 1299 1609 6,
1331 1560 1384 1599 74
1418 1574 1610 1608 perperam
1648 1564 1716 1598 huc

173 1622 392 1656 translatum
411 1632 482 1655 esse
502 1619 720 1654 arbitrentur
726 1631 739 1658 ,·
769 1630 833 1654 nos
862 1619 1069 1655 retinuimus
1087 1619 1270 1654 lectionem
1299 1619 1395 1654 libris
1413 1620 1599 1664 traditam,
1630 1632 1717 1664 quo-

174 1678 271 1713 niam
303 1678 473 1724 Porphyr.
501 1677 637 1712 silentio
667 1676 753 1711 nihil
779 1678 975 1723 probatur,
1006 1677 1099 1713 conl.
1131 1675 1202 1713 c.1
1232 1675 1306 1723 19,
1333 1676 1354 1712 1
1382 1687 1430 1716 Ξ
1458 1688 1492 1714 c.
1514 1676 1578 1724 III,
1605 1677 1650 1724 1,
1674 1676 1712 1714 5.

175 1746 205 1772 s.
227 1734 309 1782 12,
333 1734 385 1772 27
406 1745 453 1774 Ξ
471 1733 485 1770 Ι
505 1732 552 1781 4,
575 1733 641 1771 92.
666 1745 697 1771 s.
721 1733 817 1781 113,
841 1732 920 1772 163
949 1748 1008 1766 =
1036 1735 1148 1781 epist.
1172 1732 1254 1780 16,
1278 1732 1330 1771 28
1433 1733 1577 1771 habent
1597 1746 1635 1771 ιι.
1659 1734 1712 1772 56

164 1787 258 1829 ὨΨ
281 1786 368 1839 ς”ῃ
390 1803 421 1828 ω
443 1793 496 1828 ad
514 1802 631 1828 unum
652 1801 795 1838 omnes,
826 1794 1019 1829 testantur
1050 1793 1163 1828 etiam
1192 1790 1312 1828 schot.
1336 1789 1375 1825 Γ
1397 1792 1512 1840 9toss.
1535 1790 1575 1826 Γ
1597 1793 1715 1840 sloril.

176 1850 322 1896 Nostr.,
355 1852 514 1887 tuentur
543 1848 626 1885 Fea
656 1848 915 1885 Doederlinus
946 1848 1162 1891 Schmidius
1291 1846 1345 1885 56
1375 1848 1475 1885 Leuo
1507 1849 1546 1885 Ε
1569 1861 1593 1898 γ
1613 1844 1715 1885 λ’ὃ’

173 1905 299 1955 (defic.
322 1903 353 1957 ε)
441 1905 597 1943 tabulam
628 1899 713 1942 Sam
737 1900 785 1949 ς”
814 1906 932 1954 floril.
964 1905 1148 1942 Nostrad.
1180 1903 1326 1938 tabulas
1364 1906 1531 1943 editores
1560 1907 1716 1954 quidam

287 1963 431 2001 lacerno
462 1975 481 2000 ε
602 1975 640 1999 ιι.
673 1961 725 1999 57
765 1967 856 2000 ante
893 1974 932 1999 u.
966 1961 1019 2000 58
1058 1962 1200 1999 habent
1231 1962 1270 1998 Ε
1296 1960 1335 2008 (α
1368 1973 1473 1999 corr.
1502 1975 1528 2011 9
1556 1975 1579 1999 r
1605 1974 1641 2000 2.-
1678 1965 1715 1999 in

173 2034 195 2058 r
222 2027 325 2057 totus
347 2033 386 2058 ιι.
418 2019 470 2058 57
504 2021 551 2057 ab
583 2021 650 2056 alt.
681 2031 729 2056 m.
761 2022 800 2056 in
830 2018 991 2067 rasura)
1021 2032 1047 2068 9
1076 2015 1280 2069 [Bruxell
1314 2018 1424 2056 9778
1462 2019 1714 2058 Buszidianus

174 2078 197 2114 2
230 2079 338 2116 codd.
369 2073 595 2140 Pulmanm']
633 2078 799 2126 florile9.
833 2076 1083 2114 Nostradam.
1116 2088 1154 2114 u.
1189 2075 1242 2113 58
1275 2079 1366 2113 ante
1404 2088 1442 2113 u.
1477 2075 1530 2114 57
1569 2078 1715 2115 habent

173 2131 225 2171 .’4
233 2147 258 2185 γ
279 2130 375 2172 Fk‘
392 2130 435 2171 δ’
446 2146 464 2171 ε
485 2127 544 2184 (β’
554 2147 578 2170 ν
598 2128 644 2169 π’
660 2141 684 2169 σ
705 2133 744 2180 v)
833 2133 885 2171 57
918 2130 992 2184 est]
1025 2134 1090 2170 Ast
1110 2125 1153 2170 ὃ
1167 2145 1193 2182 y
1217 2128 1441 2183 [Re9inens.
1466 2129 1499 2184 1]
1533 2133 1656 2183 (defic.
1680 2134 1712 2182 ε)

286 2197 342 2228 est
378 2191 504 2241 lingua
537 2192 575 2228 Ε
595 2202 622 2238 y
654 2186 784 2242 [codd.
816 2187 989 2241 Bentlei]
1026 2192 1190 2239 floriley.
1226 2190 1477 2228 Nostradam.
1510 2191 1713 2230 Bentlez'us

172 2255 208 2286 et
246 2249 369 2298 lingua
409 2244 522 2286 cetts
569 2244 620 2293 ς”
652 2247 798 2292 lingua,
838 2261 906 2285 om.
940 2252 978 2282 et
1006 2249 1063 2284 uel
1093 2252 1170 2292 est,
1200 2261 1225 2297 9
1359 2247 1412 2286 58
1445 2247 1516 2285 Sed
1546 2243 1598 2286 A'
1618 2241 1714 2286 Fa

171 2298 213 2342 δ’
235 2302 275 2351 ς’
277 2303 437 2343 'sc-hot.
467 2305 508 2342 Γ
533 2305 577 2353 S,
600 2306 638 2342 E
665 2304 727 2342 Set
754 2317 778 2354 γ
808 2304 848 2339 Si
878 2314 902 2341 σ
928 2316 946 2342 2
974 2318 1000 2354 9
1032 2301 1236 2355 [Bruxell.
1264 2315 1280 2342 2
1315 2317 1403 2342 ιιαν.
1433 2306 1710 2354 Montepessul.

171 2364 306 2413 Re9in.
332 2374 349 2400 2
376 2375 464 2401 uar.
495 2365 580 2400 alii.
617 2375 689 2397 mm
716 2362 941 2410 Petropolit.
980 2365 1074 2408 quod
1107 2364 1341 2398 contenderat
1381 2359 1566 2413 Orellzus]
1604 2366 1710 2411 flori-

169 2423 243 2470 289.
277 2421 545 2462 Nosti-adam&
574 2432 591 2457 ε
621 2421 734 2468 defle.
821 2419 917 2456 milia
947 2416 1033 2456 ,ΩΨ
1057 2415 1096 2463 ς’
1098 2416 1250 2458 'schoa
1274 2419 1313 2454 Γ
1394 2420 1527 2457 desunt
1557 2416 1610 2457 A'
1632 2422 1711 2470 Εγ

171 2474 214 2515 δ’
231 2490 247 2515 ε
278 2469 336 2527 (β’
360 2490 385 2514 ν
412 2485 435 2514 σ
460 2490 484 2526 9
512 2483 545 2512 et
570 2488 601 2513 π
630 2489 666 2514 α.
697 2487 777 2513 ras.
801 2474 906 2524 Lips.
929 2477 959 2524 2)
987 2478 1151 2526 floriley.
1185 2477 1431 2515 Nostradam.
1465 2478 1584 2514 desint
1614 2473 1711 2514 Fk'

170 2533 207 2583 (r
226 2547 252 2571 v
273 2541 306 2570 ct
325 2546 412 2582 πρ.
435 2545 517 2572 ras.
540 2534 645 2582 Lzssps
669 2532 697 2581 1)
809 2545 846 2570 ιι.
880 2533 932 2571 59
965 2535 1062 2570 omis.
1092 2535 1106 2571 I
1132 2546 1198 2582 pr.
1319 2534 1372 2572 59
1403 2534 1510 2583 Pleps
1541 2529 1595 2571 A'
1614 2546 1640 2581 ῃ
1664 2531 1710 2586 [β

172 2593 377 2642 Bamber9.
409 2602 513 2629 corr.
545 2592 715 2628 Pariszn.
746 2586 877 2641 8214]
908 2590 1014 2628 Plebs
1035 2604 1059 2641 γ
1088 2590 1190 2628 Plebs
1221 2586 1323 2630 cett.'
1323 2585 1385 2636 ’ς’
1422 2590 1508 2626 Ples
1530 2604 1552 2627 r
1573 2602 1586 2628 ι
1616 2604 1664 2639 9,·
1692 2604 1710 2629 ε

170 2651 282 2696 defic.
371 2661 410 2686 u.
433 2648 487 2687 60
507 2660 563 2698 sq.
587 2650 656 2685 del.
681 2648 887 2695 Gruppeus
907 2661 991 2695 opp.
1010 2650 1128 2698 floril.
1148 2649 1279 2686 Nostr.
1360 2648 1417 2685 hic
1441 2668 1489 2675 —-
1512 2648 1617 2697 eulpa
1638 2651 1706 2686 del.

181 2707 407 2744 Wielcmdus
433 2710 469 2744 et
488 2706 728 2747 Meinelcius;
755 2707 841 2741 bene
861 2707 1017 2751 defendit
1036 2707 1296 2744 Doederlinus
1315 2705 1329 2742 1
1344 2718 1387 2754 p.
1413 2704 1486 2751 743
1515 2705 1710 2755 Hitziyius

171 2765 239 2800 del.
262 2776 300 2801 u.
325 2763 393 2811 61,
414 2770 447 2799 ct
467 2775 504 2800 u.
530 2763 584 2802 60
614 2763 668 2797 sic
697 2763 814 2799 scribit
840 2775 907 2809 pro
929 2764 987 2800 hie
1077 2763 1130 2801 60
1154 2762 1269 2797 facias
1289 2776 1315 2812 y
1344 2774 1439 2798 cons.
1460 2763 1601 2801 Isidor.
1624 2775 1706 2811 opp„

169 2822 331 2870 florileg).
363 2821 494 2859 Nostr.
523 2820 664 2859 Ioann.
709 2820 932 2859 Victoriens.
963 2826 997 2857 et
1033 2826 1080 2868 ιγ.
1114 2820 1258 2858 Auson.
1289 2822 1336 2858 de
1373 2822 1574 2858 inconexis
1610 2833 1648 2858 ιι.
1682 2821 1706 2859 3
