1890 3106
225 158 310 201 342
697 171 854 199 HoRA‘rI
884 172 939 197 DE
970 171 1079 198 ARTE
1110 172 1295 199 Pon'rmA

339 284 528 336 impiger,
562 282 796 329 iracundus,
827 282 1105 329 inexorabilis,
1138 295 1229 323 acer

341 359 426 397 iura
459 362 576 408 neget
606 357 680 397 sibi
711 361 818 402 nata,
851 356 950 397 nihil
981 370 1061 397 non
1092 362 1253 408 arroget
1282 357 1415 397 armis.

341 432 392 471 sit
421 431 557 471 Medea
588 431 701 470 ferox
732 431 978 483 inmotaque,
1010 429 1155 471 flebilis
1185 431 1274 477 Ino,

342 505 517 557 perfidus
547 505 677 551 Ixion,
710 505 752 544 Io
782 516 900 556 uaga,
932 505 1056 545 tristis
1087 505 1262 546 Orestes.
1326 556 1328 558 ‚

340 578 468 630 siquid
499 580 752 631 inexpertum
783 590 951 618 scaenae
982 579 1196 619 committis
1228 585 1266 619 et
1295 578 1418 618 audes
1694 585 1758 618 125

340 665 553 705 personam
584 652 757 692 formare
788 664 950 702 nouam,
983 657 1169 693 seruetur
1200 652 1248 692 ad
1278 654 1402 692 imum

342 726 470 778 qualis
500 726 550 766 ab
580 727 740 779 incepto
772 727 1033 779 processerit,
1067 731 1106 766 et
1136 725 1212 766 sibi
1242 731 1409 766 constet.

344 799 505 840 difficile
537 805 595 839 est
623 801 787 853 proprie
818 801 1043 840 communia
1075 799 1229 845 dicere3
1263 804 1385 852 tuque

344 874 494 914 rectius
524 873 687 913 Iliacum
720 885 881 913 carmen
912 868 1076 914 deducis
1106 874 1147 914 in
1178 878 1308 920 actus,

342 959 459 999 quam
490 948 522 986 si
553 947 755 999 proferres
786 947 919 998 ignota
949 946 1177 998 indictaque
1207 948 1370 999 primus.
1694 954 1760 986 130

341 1019 501 1073 publica
533 1021 720 1061 materies
747 1021 894 1073 priuati
923 1021 1021 1060 iuris
1052 1022 1148 1067 erit,
1181 1021 1212 1060 si

344 1107 424 1134 non
455 1095 561 1134 circa
593 1093 711 1135 uilem
743 1094 999 1147 patulumque
1031 1094 1250 1134 moraberis
1281 1094 1440 1141 orbem,

343 1181 416 1208 nec
449 1168 574 1208 uerbo
606 1168 775 1209 uerbum
808 1168 965 1209 curabis
996 1168 1165 1208 reddere
1196 1167 1297 1209 sidus

232 1330 503 1358 TESTIMONIA.

320 1391 384 1423 122
410 1390 513 1423 ‘iura
539 1408 580 1413 —
606 1388 712 1423 nata'
740 1389 893 1423 Seruius
918 1390 964 1423 ad
988 1390 1078 1424 Aen.
1104 1391 1141 1423 II
1164 1392 1208 1424 29
1320 1391 1386 1423 124
1410 1390 1458 1426 cf.
1485 1390 1641 1424 Ouidius
1663 1389 1760 1425 trist.

228 1437 245 1468 I
270 1437 307 1475 5,
334 1435 616 1469 22:2‘feoerunt
640 1436 776 1477 furiae,
803 1436 922 1468 tristis
949 1435 1101 1478 Oresta,
1129 1438 1236 1469 tuae'
1370 1437 1433 1469 126
1459 1446 1514 1479 sq.
1540 1436 1632 1469 ‘hoc
1656 1445 1762 1480 prae-

229 1481 320 1524 cipit
344 1481 522 1515 Horatius
547 1482 591 1514 in
616 1484 712 1514 arte
738 1482 937 1523 poetica:
966 1485 1136 1515 seruetur
1161 1499 1202 1504 —-
1229 1484 1395 1515 constet’
1421 1481 1572 1515 Seruius
1597 1481 1645 1514 ad
1668 1481 1760 1514 Aen.

226 1527 276 1559 VI
302 1527 366 1559 176
392 1527 640 1570 interpolatus
666 1526 779 1566 (saec.
807 1526 890 1569 XV)
998 1528 1061 1560 126
1087 1529 1278 1560 ‘seruetur
1304 1527 1351 1559 ad
1376 1528 1507 1559 imum’
1534 1526 1763 1560 eebasis'ca-

227 1572 323 1616 ptiui
347 1582 382 1607 u,
407 1574 475 1605 830
581 1583 642 1605 uu.
670 1573 861 1610 128—135
887 1571 1087 1615 florileg.
1112 1572 1393 1607 Nostradam.
1502 1573 1567 1606 133
1592 1581 1645 1615 sq.
1669 1575 1762 1605 ‘nec

227 1722 357 1751 VARIA
385 1722 554 1750 LEGTIO.

344 1778 422 1816 121
453 1779 597 1828 inpiger
626 1780 665 1816 F
681 1792 698 1816 ε
726 1781 891 1828 floriley.
914 1779 1160 1816 Nostradam.
1193 1779 1312 1828 ipiger
1342 1779 1378 1814 B
1407 1778 1564 1828 Impiger
1594 1774 1761 1822 censi-„⁶⁰

240 1859 374 1904 impiet
403 1870 423 1894 v
561 1858 639 1894 122
660 1830 741 1893 '’sibi
770 1839 886 1905 ‘imegzt
915 1869 934 1893 τ
1042 1862 1150 1906 negat
1181 1854 1253 1893 Γᾶ
1274 1856 1307 1905 (τ
1331 1868 1342 1894 1
1365 1871 1387 1894 r
1406 1864 1439 1893 et
1457 1856 1576 1906 Lips.)
1606 1862 1763 1896 tractat.

247 1917 354 1954 Vind.
387 1920 499 1964 neget
520 1920 607 1952 cett.
633 1912 672 1959 ς’
691 1918 780 1964 flor.
804 1915 933 1952 Nostr.
1023 1914 1132 1951 nichil
1153 1927 1178 1952 u
1264 1912 1416 1964 adrog&
1434 1915 1473 1951 F
1498 1919 1646 1963 arroget
1664 1909 1766 1953 cett!

237 1969 289 2016 ς”
313 1976 428 2009 tract.
463 1971 570 2009 Vinci.
590 1974 677 2021 flor.
702 1973 832 2010 Nostr.
863 1975 1013 2016 arrogat
1032 1983 1052 2006 τ
1075 1981 1085 2007 1
1177 1971 1256 2009 123
1286 1971 1401 2008 media
1432 1972 1469 2007 B
1487 1971 1508 2007 λ
1523 1983 1590 2019 pr.
1686 1971 1762 2019 ino,

235 2031 270 2065 in
304 2031 341 2065 in
374 2040 455 2065 ras.
488 2029 509 2065 λ
645 2028 727 2065 124
757 2029 887 2065 ixionia
918 2039 1007 2077 vaga
1039 2028 1067 2065 C
1200 2029 1384 2064 horrestes
1415 2023 1438 2062 δ
1465 2027 1630 2065 horestes
1661 2040 1678 2066 ε

234 2086 312 2122 125
346 2096 495 2122 scaenae
526 2086 563 2121 B
585 2086 614 2123 C
631 2081 670 2122 λ’
693 2082 714 2120 δ
742 2084 780 2133 (σ
808 2084 848 2132 α)
880 2095 1008 2121 scenae
1038 2088 1126 2122 cett.
1155 2096 1178 2129 ς
1287 2082 1423 2121 comitis
1456 2084 1484 2122 0
1599 2083 1678 2122 127
1708 2085 1762 2122 in-

230 2147 360 2191 coepto
383 2137 404 2176 δ
495 2142 573 2180 128
607 2140 761 2188 etuque]
794 2143 861 2176 hoc
881 2141 1151 2186 interrogatiue
1181 2141 1251 2176 ait:
1267 2146 1320 2184 ,at
1350 2141 1441 2175 enim
1464 2140 1592 2175 dicunt
1611 2140 1762 2176 difficile

231 2211 313 2233 esse
345 2199 545 2233 communia
574 2199 736 2244 propriis
768 2198 949 2244 explicare
982 2196 1133 2232 uerbis'
1164 2199 1282 2235 schol.
1310 2196 1362 2239 1⁷,-
1399 2197 1634 2235 Ribbeckius
1669 2198 1762 2233 inter

229 2256 347 2292 dicere
379 2262 411 2290 et
441 2260 554 2304 tuque
588 2257 675 2290 haec
710 2256 922 2301 interpolat.-
962 2253 1113 2289 ‘uerum
1144 2266 1238 2300 quae
1268 2254 1437 2300 placeant
1466 2266 1549 2288 raro
1580 2254 1763 2300 contingit

230 2310 397 2357 fingere'
490 2313 637 2361 proprie
667 2313 703 2349 B
723 2309 748 2348 ὃ
769 2325 806 2349 α.
829 2323 909 2348 ras.
941 2316 983 2348 ut
1004 2313 1080 2348 uid.
1177 2311 1296 2348 dicere
1326 2311 1529 2347 communia
1548 2323 1583 2351 ,u
1610 2322 1673 2358 pr.

232 2368 311 2406 129
344 2368 491 2405 deducis
522 2365 617 2405 carffi
648 2381 673 2406 u
704 2379 835 2405 carnen
865 2367 1012 2404 deducis
1035 2366 1055 2403 λ
1085 2379 1227 2404 carmen
1258 2367 1407 2404 deducis
1438 2363 1541 2405 cett!
1562 2362 1614 2412 ς”
1640 2369 1758 2417 flor-il.

231 2426 412 2462 Nostrad.
446 2437 587 2459 carmen
620 2425 764 2459 diducis
792 2437 819 2472 y
849 2426 932 2462 Fea
963 2424 1126 2459 deduxes
1158 2425 1332 2462 Botheus
1458 2423 1540 2462 130
1569 2435 1676 2470 quam
1707 2424 1760 2458 sic

231 2483 404 2519 Botheus
432 2495 513 2528 opp.
546 2483 651 2517 etiam
677 2484 842 2531 florileg).
870 2482 1050 2519 Nostrad.
1089 2481 1254 2530 proferre
1284 2481 1424 2517 sicnota
1455 2481 1476 2517 λ
1496 2492 1564 2528 pr.
1686 2480 1760 2529 pri-

230 2539 295 2574 mis
325 2551 349 2588 γ
439 2539 517 2576 131
548 2538 702 2584 Puplica
730 2552 756 2587 y
841 2551 906 2576 uu.
942 2538 1180 2576 132—137
1214 2548 1266 2575 ex
1292 2542 1409 2585 parte
1437 2540 1584 2574 tantum
1614 2538 1760 2586 liquent

229 2598 269 2632 in
301 2595 331 2631 C
451 2608 488 2632 u.
525 2595 603 2632 132
636 2597 727 2630 delet
755 2596 941 2632 Lehrsius
1063 2594 1142 2632 132
1172 2594 1253 2628 Nec
1283 2606 1313 2630 ω
1343 2606 1425 2640 opp.
1455 2589 1569 2640 Ppk!
1594 2595 1758 2642 florileg.

232 2652 478 2689 Nostradam.
601 2651 667 2688 orb
690 2664 698 2687 τ
720 2664 729 2687 :
753 2665 760 2688 :
792 2664 810 2688 ε
893 2691 896 2693 μ
945 2651 1081 2688 orbem.
1112 2651 1336 2698 interpungt't
1363 2651 1619 2688 Doederlinus

233 2708 311 2745 133
345 2708 457 2745 uerbo
488 2707 639 2745 uerbum
667 2721 692 2758 γ
715 2708 748 2745 Β
767 2709 805 2744 F
821 2703 861 2744 λ’
881 2705 906 2744 δ
933 2720 950 2744 ε
980 2721 1006 2745 u
1037 2704 1090 2751 ς”
1117 2704 1230 2756 Pplz!
1268 2706 1419 2744 uerbum
1458 2705 1570 2742 uerbo
1602 2705 1633 2742 0
1658 2702 1706 2753 (σ)
1732 2718 1759 2754 y

232 2764 493 2811 Hieronymus
525 2765 687 2802 Seruius
717 2764 915 2813 utrobique
943 2766 1109 2813 floriley„
1142 2765 1412 2810 Nostradam.‚
1440 2763 1611 2809 praetulit
1642 2763 1759 2801 Bent-

230 2822 349 2856 leius:
377 2824 438 2856 sed
467 2823 553 2856 haec
583 2823 682 2857 lectio
710 2834 854 2868 prosam
881 2822 974 2867 sapit
1003 2826 1047 2867 qf.
1080 2822 1256 2858 Boetium
1285 2819 1403 2868 (quem
1430 2820 1503 2855 iam
1531 2825 1637 2856 tract.
1670 2819 1756 2856 Vin-

233 2877 365 2915 dobon.
398 2877 539 2925 laudat)
570 2881 608 2915 in
628 2879 890 2929 Porphyrium
918 2878 932 2914 1
954 2890 999 2928 p.
1023 2877 1096 2915 46:
1128 2878 1162 2915 ε.
1185 2906 1194 2915 .
1218 2905 1226 2913 .
1249 2888 1383 2911 uereor
1412 2888 1459 2910 nc
1489 2876 1664 2910 subierim
1694 2875 1758 2911 fidi
