1820 3094
165 148 247 189 176
722 160 882 187 ΗΟΒΑΤΙ
913 160 1136 188 summm

274 276 484 324 praetereo
515 270 673 322 sapiens
703 275 903 320 argentea.
965 268 1059 309 tolle
1089 268 1305 322 periclum,

274 346 350 383 iam
384 356 482 395 uaga
512 342 693 395 prosiliet
723 343 847 383 frenis
878 347 1021 382 natura
1051 343 1229 382 remotis.

279 423 371 458 tune
401 418 499 456 mihi
530 417 736 463 dominus,
768 429 904 457 rerum
931 418 1110 469 imperiis
1140 416 1424 469 hominumque
1649 421 1692 453 75

278 497 335 532 tot
366 491 560 543 tantisque
592 491 741 536 minor,
775 502 893 542 quem
923 494 986 530 ter
1015 490 1191 530 uindicta
1223 494 1443 543 quaterque

275 566 446 617 inposita
477 565 574 604 haut
606 575 779 615 unquam
810 566 956 604 misera
986 564 1199 604 formidine
1229 564 1384 617 priuet‘?

277 638 377 679 adde
407 651 527 690 super
557 638 671 678 dictis
702 637 807 689 quod
838 650 918 678 non
948 638 1075 678 leuius
1106 637 1252 679 ualeat:
1286 649 1395 683 nam,

277 714 361 753 siue
392 713 564 752 uicarius
594 717 654 752 est
683 712 753 764 qui
781 724 900 752 seruo
930 718 1061 764 paret,
1093 713 1151 752 uti
1181 724 1266 751 mos

278 792 413 827 uester
444 787 522 832 ait,
554 798 626 826 seu
657 797 895 830 conseruos;
927 785 999 825 tibi
1032 785 1125 836 quid
1156 798 1245 826 sum
1277 788 1374 837 ego?
1404 795 1548 836 nempe
1606 803 1610 805 >
1649 789 1695 821 80

278 867 342 906 tu,
375 860 472 899 mihi
502 861 569 912 qui
598 860 823 912 imperitas,
847 858 923 899 ‘alii
953 860 1080 899 seruis
1111 860 1232 899 miser
1262 863 1380 910 atque

278 934 458 980 duceris,
492 938 534 972 ut
564 934 701 973 neruis
732 932 869 973 alienis
900 932 1047 972 mobile
1077 933 1241 984 lignum.

279 1009 462 1058 quisnam
495 1007 614 1058 igitur
645 1006 770 1046 liber?
801 1007 960 1058 sapiens
991 1005 1147 1057 sibique
1178 1006 1437 1058 imperiosus,

278 1093 396 1133 quem
428 1092 558 1131 neque
589 1082 799 1133 pauperies
831 1093 961 1133 neque
992 1092 1099 1119 mors
1129 1091 1259 1130 neque
1290 1077 1446 1118 uincula
1479 1082 1642 1124 terrent,

278 1167 515 1207 responsare
546 1154 818 1207 cupidinibus,
851 1158 1109 1194 contemnere
1140 1154 1313 1193 honores
1651 1157 1695 1190 85

168 1339 437 1366 TESTIMONIA.
512 1328 519 1331 “

258 1406 302 1438 74
327 1405 374 1437 ef.
402 1403 547 1436 ecbasis
574 1403 713 1446 captiui
737 1415 774 1436 u.
803 1405 908 1436 1040=
942 1406 1052 1436 ‘tunc
1083 1413 1182 1446 uaga
1213 1402 1384 1445 prosiluit
1417 1402 1532 1435 frenis
1561 1404 1697 1435 natura

168 1451 336 1483 remotis’
430 1450 474 1482 85
500 1452 561 1480 ‘ut
588 1459 718 1491 supra:
743 1459 962 1491 responsare
987 1449 1242 1491 cupidinibus’
1268 1443 1414 1490 Porph.'
1438 1447 1486 1480 ad
1509 1447 1547 1480 II
1572 1448 1604 1489 ¹7,
1631 1448 1698 1481 104

166 1611 295 1638 VARIA
323 1610 491 1637 LECTIO.

168 1679 188 1714 λ
211 1678 259 1726 (r)
292 1679 477 1714 moelchus
511 1679 547 1714 E
575 1676 720 1711 mechus
751 1674 822 1726 β’σ
843 1690 865 1713 α
885 1690 949 1724 pr.
969 1690 993 1725 9
1079 1673 1150 1727 ais]
1182 1677 1234 1711 ait
1261 1689 1285 1725 9
1303 1688 1330 1723 y
1350 1673 1464 1724 Ppk!
1495 1678 1550 1714 aio
1580 1687 1603 1725 γ
1629 1688 1694 1724 pr.

281 1735 402 1771 ercule
434 1736 472 1771 Ε
557 1731 658 1784 uasa]
695 1733 774 1767 uisa
802 1747 826 1782 9
856 1733 904 1781 (et
935 1733 979 1781 V)
1068 1734 1119 1771 73
1150 1734 1321 1770 Pretereo
1352 1735 1390 1770 F
1416 1730 1635 1785 Preterok'

169 1792 358 1838 ‘prudens
387 1791 530 1840 ptereo]
562 1791 725 1824 Tumens
756 1790 903 1838 (timens
935 1789 1075 1838 Fran.)
1106 1790 1243 1835 legitur
1274 1794 1311 1824 et
1341 1790 1506 1836 prudens
1537 1791 1607 1824 sub
1637 1800 1697 1823 ea-

169 1849 247 1882 dem
280 1846 580 1892 significatione'
612 1849 730 1884 schol.
766 1847 805 1882 Γ
902 1843 1097 1898 periclum]
1136 1848 1272 1895 pictum
1304 1847 1342 1883 F
1365 1859 1453 1884 uar.
1495 1845 1652 1895 (perictii
1684 1847 1698 1882 l

169 1905 273 1953 uar.)
299 1918 381 1951 opp.
413 1906 532 1941 schol.
563 1916 587 1953 γ
676 1903 728 1940 74
759 1900 844 1954 iam]
878 1909 967 1937 tunc
998 1905 1077 1941 ecb.
1112 1909 1215 1951 capt.
1310 1899 1494 1954 prosiliet]
1526 1902 1700 1949 prosiluit

169 1964 247 1999 ecb.
282 1966 385 2009 capt.
491 1957 637 2010 natura]
671 1966 751 1997 nata
783 1962 852 1997 E1
961 1961 1011 1998 77
1043 1960 1201 2009 Inposita
1232 1961 1270 1996 E
1289 1971 1306 1995 ε
1328 1959 1377 2007 (σ)
1474 1960 1644 2009 imposita
1674 1971 1699 2008 γ

172 2015 262 2055 ΕΓ
279 2016 317 2062 ς’
434 2019 522 2054 haut
552 2019 591 2054 E
608 2017 629 2052 λ
650 2015 698 2067 (σ)
732 2017 824 2053 haud
855 2029 878 2066 γ
900 2018 938 2052 F
957 2028 974 2053 ε
997 2011 1035 2061 ς’
1152 2028 1320 2065 umquam
1349 2029 1374 2066 γ
1393 2017 1431 2052 F
1449 2013 1517 2052 λέ
1537 2013 1631 2066 (β’σ
1659 2014 1699 2063 α)

171 2087 328 2124 unquam
351 2076 388 2111 E
406 2074 444 2123 (y
464 2074 499 2122 r)
587 2071 725 2124 priuet]
747 2076 866 2122 priuat
886 2075 954 2110 sF
967 2087 1054 2111 aar.
1077 2072 1117 2123 (β
1125 2070 1149 2121 ‘)
1163 2086 1188 2121 y
1206 2086 1288 2120 opp.
1306 2074 1425 2110 schol.
1447 2086 1471 2123 γ
1495 2071 1700 2121 (BRIUAT

170 2132 308 2179 luar.)
340 2130 495 2165 <liberet
525 2130 681 2176 (laboret
701 2130 865 2178 Fran.)'
895 2132 1011 2178 yloss.
1037 2131 1161 2167 Fran.
1198 2131 1301 2167 Voss.
1336 2128 1552 2164 ‘liberauit'
1582 2131 1696 2178 gloss·

173 2188 211 2223 Γ
225 2188 278 2234 (Ε
295 2188 331 2238 γ)
428 2187 479 2225 78
513 2199 624 2235 super
656 2188 694 2223 E
710 2200 734 2236 γ
754 2198 771 2222 ε
792 2200 823 2235 φ
843 2198 859 2223 2
881 2183 974 2235 (β’σ
995 2200 1019 2224 α
1038 2189 1094 2235 91
1116 2200 1138 2223 r
1158 2198 1174 2223 2
1195 2187 1300 2234 aar.)
1330 2198 1438 2235 supra
1468 2187 1506 2223 F
1523 2185 1544 2222 λ
1564 2185 1614 2234 (r)

173 2246 223 2282 79
255 2241 376 2294 paret]
407 2250 508 2293 parat
538 2255 555 2278 ε
587 2256 667 2290 opp.
698 2246 813 2291 yloss.
848 2243 886 2278 Γ
910 2243 962 2291 (Ε
986 2243 1023 2293 γ)
1054 2249 1221 2292 paretpar
1250 2249 1285 2290 ψ
1390 2244 1443 2279 uti
1473 2254 1552 2280 mos
1582 2243 1662 2300 ΕΤ
1682 2252 1701 2277 ε

172 2303 209 2337 F
226 2313 241 2337 2
265 2296 303 2345 ς’
336 2307 376 2334 ut
406 2302 496 2334 imos
525 2314 549 2348 9
591 2306 631 2336 ut
661 2307 716 2336 est
748 2312 825 2336 mos
846 2300 921 2336 Ελ
939 2312 966 2347 y
1067 2301 1123 2338 80
1152 2300 1230 2344 agit
1250 2308 1273 2334 σ
1291 2313 1316 2347 y
1403 2310 1608 2334 conseruos
1639 2311 1663 2336 α
1688 2309 1699 2334 ι

172 2369 372 2394 eonseruus
403 2353 518 2401 52'5'
642 2357 739 2404 quod
770 2354 866 2400 52'5
894 2356 940 2403 (et
974 2358 994 2393 1
1029 2356 1186 2402 Bland.)
1221 2357 1307 2404 quid
1338 2352 1420 2406 β,’σ
1441 2369 1464 2392 α
1484 2358 1539 2405 9²
1559 2367 1576 2393 2

173 2415 223 2452 81
257 2415 440 2463 imperitas
462 2414 500 2449 Ε
516 2426 541 2462 γ
560 2415 598 2449 F
615 2410 655 2448 λ’
671 2410 710 2456 ς’
740 2414 912 2462 inperitus
942 2425 960 2449 ε
1037 2413 1095 2450 alii
1117 2414 1155 2450 E
1172 2424 1189 2448 ε
1210 2425 1241 2459 φ
1258 2425 1297 2460 p.
1321 2424 1402 2449 ras.
1433 2409 1524 2461 (β’σ
1544 2423 1557 2449 1
1578 2424 1602 2449 α
1625 2424 1648 2448 r
1666 2418 1701 2446 et

185 2472 216 2509 V
241 2484 319 2507 cum
349 2471 372 2506 2
395 2473 483 2508 aliis
513 2472 619 2507 codd.
652 2470 782 2518 Cruq.)
813 2471 890 2506 aliis
918 2483 942 2519 γ
962 2471 1000 2506 F
1017 2467 1057 2505 λ’
1080 2468 1116 2520 (σ
1134 2481 1151 2506 2
1169 2481 1194 2517 9
1214 2476 1247 2504 et
1266 2468 1293 2519 β
1314 2467 1436 2517 corr.)
1551 2468 1604 2507 82
1634 2467 1700 2504 du-

174 2525 283 2578 ceris]
317 2528 470 2564 Duceres
501 2538 519 2562 ε
549 2526 754 2560 ‘traheris'
785 2528 902 2564 schol.
927 2527 967 2562 Γ
1045 2522 1203 2576 lignum]
1236 2526 1380 2570 signum
1411 2530 1572 2563 auctore
1601 2525 1700 2572 Iano

173 2586 310 2621 Douza
333 2585 685 2633 patre'Benlleius
714 2595 794 2629 opp.
827 2585 946 2621 schol.
981 2583 1020 2618 Γ
1113 2583 1166 2620 83
1198 2581 1283 2626 Quis
1314 2587 1359 2619 na
1390 2583 1428 2619 Ε
1520 2593 1590 2631 que
1621 2582 1701 2630 Εγ

174 2640 411 2690 Ελ(σα9ν
430 2647 463 2675 et
490 2640 533 2688 V)
563 2641 625 2688 qui
646 2651 664 2675 ε
684 2635 777 2687 (β’ῑ)
807 2645 852 2685 cs.
878 2641 975 2677 Stat.
1008 2642 1093 2677 Sila.
1123 2639 1151 2675 ΙΙ
1181 2639 1229 2687 6,·
1259 2639 1311 2676 16
1342 2650 1420 2687 sq.:
1450 2635 1539 2684 ‘qui
1568 2643 1700 2684 sponte

175 2698 319 2743 sibique
348 2697 569 2742 imperiosus
608 2697 710 2730 erat'
861 2710 900 2733 u.
930 2697 983 2735 84
1008 2703 1090 2743 post
1117 2709 1154 2733 u.
1184 2694 1247 2733 87'
1266 2696 1365 2741 ponit
1394 2695 1550 2732 Peerlk-

175 2754 227 2790 85
260 2765 474 2804 responsare
495 2749 740 2802 cupidinibus]
772 2751 1051 2798 ‘percontatiue
1071 2750 1286 2797 legendum'
1307 2746 1469 2799 Porph.‘
1486 2752 1540 2789 ad
1556 2763 1595 2788 u.
1620 2749 1700 2789 104

178 2866 187 2901 1
289 2818 519 2874 cnontemnere
547 2823 571 2860 γ
599 2810 637 2858 (α
662 2823 687 2858 9
712 2809 741 2858 l)
771 2814 1028 2858 contempnere
1058 2811 1096 2846 E
1121 2810 1158 2845 F
1181 2808 1201 2844 λ
1231 2820 1248 2844 ε
1275 2805 1364 2858 (β’σ
1390 2808 1426 2855 r)
1521 2803 1699 2859 honores]

191 2877 317 2903 ioum-e
341 2880 358 2903 ε
377 2880 403 2914 y
