1890 3106
683 117 767 144 ΜΒ.
799 117 815 143 1
845 115 895 149 12,
919 115 1032 142 25—29.
1061 116 1110 151 13,
1138 116 1222 143 1-14
1630 100 1714 142 245

287 229 320 268 si
351 227 527 275 ualidus,
561 229 595 268 si
625 227 753 269 laetus
783 229 877 278 erit,
909 229 944 268 si
975 228 1148 281 denique
1177 234 1337 282 poscet;

288 315 338 342 ne
369 302 500 342 studio
532 303 660 343 nostri
689 315 833 356 pecces
864 303 1078 357 odiumque
1109 302 1254 344 libellis

287 375 449 417 sedulus
477 377 657 429 inportes
687 388 808 430 opera
840 377 1079 418 uehemente
1110 379 1302 418 minister.
1692 385 1713 415 5

287 451 320 491 si
349 455 389 491 te
419 452 523 491 forte
553 463 664 491 meae
694 452 828 503 grauis
859 457 947 492 uret
976 453 1132 494 sarcina
1165 452 1345 498 chartae,

286 524 432 566 abicito
462 526 614 578 potiuS,
647 537 763 578 quam
796 537 874 577 quo
905 526 1088 578 perferre
1121 525 1272 567 iuberis

286 598 453 639 clitellas
481 599 592 639 ferus
621 599 805 652 inpingas
834 600 1061 652 Asinaeque
1091 605 1305 653 paternum

285 684 508 726 cognomen
538 678 673 714 uertas
700 674 743 714 in
772 674 897 715 risum
931 679 971 714 et
1003 673 1133 715 fabula
1165 674 1250 715 fias.

285 746 440 788 uiribus
468 748 593 788 uteris
623 760 696 800 per
727 747 852 789 cliuos
882 748 1046 790 flumina
1076 749 1212 789 lamas.
1670 756 1712 787 10

286 822 415 862 uictor
445 822 640 875 propositi
671 821 788 863 simul
819 835 865 863 ac
894 824 1130 876 perueneris
1159 823 1273 870 illuc,

286 897 344 936 sic
373 897 547 949 positum
578 895 760 938 seruabis
790 909 907 944 onus,
943 910 994 938 ne
1023 899 1127 938 forte
1157 897 1232 938 sub
1263 898 1324 939 ala

285 969 521 1011 fasciculum
553 975 690 1023 portes
720 970 936 1018 librorum,
969 978 1012 1012 ut
1042 973 1216 1013 rusticus
1245 985 1414 1025 agnum,

285 1051 328 1084 ut
357 1045 496 1085 uinosa
527 1044 684 1097 glomus
714 1046 887 1086 furtiuae
916 1047 1053 1100 Pyrria
1086 1045 1222 1093 lanae,

170 1211 444 1240 TESTIMONIA.

261 1266 279 1299 I
306 1269 359 1300 13.
409 1269 479 1300 6-
489 1268 510 1301 8
542 1268 745 1302 ‘Horatius
782 1269 1026 1334 epistularum
1057 1269 1093 1303 Ι.
1131 1272 1163 1303 si
1189 1289 1231 1293 —-
1263 1270 1463 1314 inpingas’
1497 1271 1714 1304 Priscianus

170 1313 291 1345 instit.
316 1313 441 1346 XVIII
465 1315 500 1357 4,
518 1315 609 1392 508
655 1316 675 1348 7
701 1325 755 1358 sq.
782 1318 913 1358 ‘quam
938 1333 981 1337 ——
1005 1316 1210 1359 impingas’
1237 1316 1457 1369 glossarium
1476 1318 1554 1350 Mai
1581 1315 1712 1360 [class.

171 1361 270 1391 auct.
294 1358 383 1392 VIII
408 1358 486 1403 148]
636 1360 819 1394 ‘clitellas
845 1361 946 1394 ferus
971 1362 1162 1405 inpingas’
1188 1357 1336 1405 Porphs
1353 1362 1401 1395 ad
1427 1373 1461 1395 u.
1488 1364 1528 1396 19
1618 1366 1638 1396 9
1665 1363 1714 1397 cf.

171 1404 274 1437 Pers.
291 1415 319 1437 s.
339 1406 372 1445 5,
392 1406 474 1439 152·
501 1408 562 1438 ‘et
580 1361 708 1439 fgabula
724 1406 809 1439 fies’
932 1409 1025 1440 10-
1035 1409 1075 1440 12
1102 1408 1266 1441 ‘uiribus
1290 1426 1335 1430 -
1361 1411 1474 1442 onus’
1499 1409 1714 1453 Priscianus

168 1449 192 1484 l.
219 1450 469 1484 1.14‘ut
493 1469 536 1475 ——
559 1451 716 1494 Pyrrhia
740 1452 869 1486 lanae’
895 1452 1118 1495 glossarium
1134 1453 1210 1486 Mai
1237 1451 1366 1498 [class.
1393 1458 1489 1490 auct.
1514 1454 1605 1489 VIII
1628 1451 1711 1496 255]

168 1578 300 1607 VARIA
327 1578 498 1606 LECTIO.

283 1631 359 1673 ,Ω”
379 1633 516 1673 =A‘
538 1636 584 1685 (A
608 1636 647 1685 a)
679 1634 874 1688 EyFt'
897 1637 1039 1687 (Ans,-
1069 1635 1128 1683 ς”
1157 1652 1216 1673 Ξ
1246 1645 1315 1677 aut
1346 1653 1442 1678 omn
1476 1643 1586 1679 codd.
1607 1639 1653 1692 β’
1674 1642 1715 1693 (β

169 1692 308 1740 Fran.)
332 1706 355 1730 ν
374 1690 425 1729 π’
448 1693 491 1741 (π
512 1693 632 1742 Lips.)
654 1702 678 1731 σ
697 1708 721 1744 9
742 1708 764 1732 r
785 1708 810 1732 υ
836 1694 875 1743 (α
895 1695 923 1744 Ζ)
955 1700 1024 1733 aut
1053 1697 1190 1734 horum
1221 1699 1330 1735 codd.
1353 1709 1399 1735 ecc
1426 1709 1528 1745 pars
1559 1710 1612 1736 ex
1631 1703 1713 1749 qui-

169 1751 240 1788 bus
271 1763 347 1788 non
379 1753 483 1789 aliae
511 1753 695 1790 lectiones
725 1757 933 1790 nocantur:
974 1766 996 1797 ς
1023 1768 1081 1786 =
1111 1758 1179 1791 aut
1210 1767 1306 1792 omn.
1340 1757 1450 1792 codd.
1482 1769 1506 1792 ν
1534 1763 1558 1792 σ
1585 1770 1610 1806 q
1639 1770 1661 1794 r
1688 1771 1714 1794 v

170 1806 208 1854 (a
228 1806 256 1855 l)
287 1811 356 1844 aut
384 1809 522 1846 horum
552 1811 660 1846 codd.
685 1820 732 1847 ea
750 1821 849 1857 pars
869 1821 922 1848 6oe
942 1812 1081 1859 quibus
1100 1823 1177 1848 non
1199 1814 1303 1850 aliae
1320 1815 1508 1850 lectiones
1528 1819 1715 1852 notantur

284 1864 309 1902 3
340 1864 457 1902 lectus
488 1864 509 1901 λ
604 1866 628 1904 5
660 1867 836 1916 importes
868 1868 906 1904 E
924 1863 1015 1916 (β’9
1034 1867 1061 1915 l)
1092 1869 1258 1917 inportes
1290 1864 1444 1914 cettsg'
1540 1877 1714 1919 operante

170 1921 339 1958 hemente
370 1922 439 1958 At
536 1923 559 1960 6
591 1922 690 1971 site,
722 1928 737 1960 t
766 1926 804 1961 in
835 1935 917 1961 ras.
949 1921 1001 1961 A'
1092 1926 1163 1962 urit
1183 1926 1265 1974 Ey
1295 1932 1377 1963 uret
1408 1923 1522 1964 cett.''
1545 1924 1599 1972 ς”
1632 1934 1715 1963 urat

169 1979 402 2016 Priscianus
434 1985 542 2024 urget
561 1993 587 2028 y
691 1981 835 2018 chartae
857 1977 944 2032 A'y
974 1982 1100 2032 carthe
1122 1983 1160 2019 E
1186 1988 1305 2020 cartae
1335 1984 1374 2020 F
1391 1994 1408 2020 ε
1438 1990 1537 2021 carte
1559 1984 1581 2021 λ
1612 1979 1717 2020 Ιεειηὲ

167 2047 194 2082 y
219 2031 378 2086 [Mellic.
395 2034 563 2088 Valent]
593 2034 736 2093 βοωπις
752 2050 776 2074 υ
863 2039 886 2076 7
909 2039 1036 2088 pocius
1059 2038 1080 2074 λ
1158 2039 1183 2077 8
1206 2036 1324 2091 ferus]
1348 2053 1431 2075 sero
1456 2041 1503 2078 N.
1530 2042 1715 2080 Heinsius

169 2095 316 2139 improb.
350 2095 479 2131 Bentl.
587 2095 765 2144 impingas
797 2096 836 2132 Ε
853 2095 879 2144 (l
904 2103 938 2132 et
958 2095 1099 2144 Fran.)
1130 2097 1243 2145 Porf.
1276 2098 1470 2147 inpiuguas
1502 2111 1533 2145 φ
1564 2111 1601 2137 α.
1632 2111 1713 2137 ras.

170 2150 236 2198 (r1
255 2149 294 2198 v)
314 2163 341 2199 y
372 2151 538 2200 inpingas
569 2148 671 2189 celis
673 2149 718 2196 ’ς
743 2151 790 2200 (ει
816 2151 893 2203 βπ
895 2150 1095 2201 ').Porpk
1200 2155 1300 2191 asine
1331 2155 1353 2191 λ
1458 2155 1511 2194 10
1541 2156 1647 2194 diuos
1679 2158 1718 2194 E

284 2208 430 2244 lammas
462 2209 499 2245 E
523 2207 577 2255 (v)
603 2221 629 2257 y
659 2206 785 2258 (lamas
814 2213 847 2255 Z,
881 2213 1036 2259 uir-qula
1064 2216 1151 2253 sont.
1185 2213 1234 2249 ab
1265 2212 1332 2249 alt.
1365 2211 1431 2260 m.)
1469 2213 1578 2250 lamas
1611 2210 1714 2252 cett!

172 2262 223 2310 ς’
253 2260 365 2313 Pph!
395 2258 556 2313 Porphf
576 2267 697 2304 schol.
722 2239 903 2305 FPrisc.
927 2270 1008 2305 rin
1030 2280 1111 2306 ras.
1205 2269 1255 2306 12
1287 2269 1567 2315 SepositumD.
1591 2270 1714 2309 Hein-

169 2325 251 2360 sius
281 2322 317 2359 Si
349 2323 470 2371 posin-1
499 2324 564 2359 Αι
669 2324 788 2361 honus
808 2337 833 2374 γ
853 2337 871 2362 ε
958 2328 1161 2364 semicolon
1191 2333 1271 2373 post
1302 2338 1393 2363 onus
1422 2340 1508 2374 pon.
1540 2328 1714 2366 Doeder-

167 2382 270 2417 linus
362 2379 412 2417 13
420 2384 558 2441 portes
581 2381 619 2417 E
697 2380 747 2417 14
769 2381 914 2430 glomus
936 2378 988 2420 A'
1005 2393 1018 2418 1
1046 2384 1121 2434 Εγ
1136 2380 1199 2431 (π’
1201 2393 1225 2420 σ
1240 2397 1263 2421 ν
1278 2390 1311 2420 et
1331 2384 1350 2420 1
1370 2381 1660 2434 Bland.).920ss
1682 2386 1722 2423 Γ

169 2437 314 2486 glomos
335 2438 373 2474 F
390 2428 428 2471 λ’
438 2447 455 2472 ε
476 2437 508 2474 Α
528 2449 546 2474 2
567 2438 606 2474 E
622 2449 638 2474 2
669 2451 757 2475 aar.
789 2431 848 2488 (β’
856 2452 881 2488 9
903 2446 936 2475 et
958 2440 982 2477 3
1005 2441 1148 2478 Bland.
1153 2441 1166 2488 )
1192 2443 1426 2491 yzossarium
1456 2443 1560 2485 Mai,·
1590 2445 1711 2482 schol.

172 2493 223 2531 Γ.
255 2492 370 2547 aput
400 2494 580 2529 Titinium
610 2495 647 2529 in
681 2496 835 2541 quadam
866 2496 991 2531 fabula
1010 2497 1202 2533 inducitur
1231 2497 1365 2533 aneilla
1394 2510 1490 2545 quae
1512 2500 1616 2535 lanae
1637 2501 1716 2546 glo-

170 2563 246 2586 mos
278 2552 318 2599 (v
338 2551 487 2594 Fran.‚·
516 2552 661 2597 glomus
681 2551 719 2602 γ)
750 2554 899 2588 furatur
930 2558 967 2588 et
996 2555 1299 2601 deprehenditur.
1330 2567 1464 2601 aspere
1495 2569 1539 2591 ex
1571 2570 1713 2604 compa-

170 2608 314 2643 ratione
335 2608 516 2643 stultitiae
537 2609 600 2648 ait,
643 2609 777 2654 Pyrria
798 2615 917 2646 autem
940 2624 1068 2646 nomen
1091 2611 1246 2647 ancillae
1266 2613 1304 2647 in
1327 2612 1474 2647 sabula’
1496 2614 1628 2659 globos
1650 2628 1675 2652 ν
1689 2627 1715 2652 υ

169 2677 195 2713 y
225 2665 368 2710 glomen
390 2678 416 2714 y
492 2666 644 2713 furtiue
666 2668 698 2704 Λ
729 2664 902 2718 fssurtiue
923 2667 942 2704 λ
964 2681 981 2706 ε
1003 2683 1042 2707 n.
1061 2671 1088 2707 l.
1167 2671 1288 2719 pyrria
1308 2682 1340 2718 φ
1361 2666 1458 2717 (π’ν·
1477 2677 1511 2707 et
1531 2668 1572 2719 β)
1592 2673 1714 2711 schol.

171 2733 208 2770 v⁷
231 2723 339 2771 pir-ria
356 2719 473 2760 cett.''
490 2731 516 2766 ς
530 2725 650 2761 schol.
669 2737 712 2774 γ,-
733 2736 750 2761 ε
767 2737 806 2762 n.
822 2727 848 2762 l.
861 2741 872 2767 ,-
893 2727 1020 2772 putria
1035 2721 1202 2775 Ppkfcs.
1217 2729 1396 2774 inscript.
1408 2743 1418 2763 .-
1440 2727 1497 2764 (Ρ.
1514 2727 1713 2764 Purreius'

171 2781 313 2816 bullett.
346 2779 431 2817 dell’
461 2782 548 2818 inst.
575 2781 682 2819 1865
703 2782 886 2818 lectionem
916 2784 1010 2819 libris
1038 2785 1211 2820 traditam
1238 2785 1276 2819 in
1303 2785 1534 2832 suspicionem
1565 2788 1716 2823 adduan't

172 2836 448 2875 Lachmannus
476 2839 634 2877 Lucret.
662 2839 691 2876 ll
717 2851 760 2888 p.
781 2838 864 2880 408
895 2840 1040 2876 Proelia
1071 2848 1103 2879 et
1133 2841 1247 2879 Prilia
1277 2843 1366 2884 coni,
1400 2843 1636 2883 Ribbeclcius
