1820 3094
154 154 235 197 178
711 166 871 194 nomm
901 165 1126 194 SERMONVM
1178 184 1180 188 .

266 293 309 321 re
339 292 433 319 uera
465 284 661 331 pugnent,
694 278 842 317 feriant
871 278 1079 330 nitentque
1109 282 1315 317 mouentes

265 367 373 394 arma
407 353 510 393 uiri?
542 364 710 404 nequam
743 357 782 391 et
811 356 991 391 cessator
1021 351 1149 397 Daus;
1182 357 1221 391 at
1252 353 1338 403 ipse
1608 356 1683 388 ’100

263 427 417 467 subtilis
449 432 630 466 ueterum
661 425 778 466 iudex
813 430 852 465 et
881 424 1047 465 callidus
1079 424 1204 464 audis.

264 502 318 541 nil
350 513 444 553 ego,
476 501 511 540 si
541 500 664 539 ducor
695 499 776 539 libo
807 500 1002 539 fumante:
1035 499 1107 538 tibi
1137 500 1278 549 ingens

263 576 389 615 uirtus
420 580 538 625 atque
569 575 726 614 animus
757 574 865 613 cenis
894 578 1104 625 responsat
1134 572 1301 624 opimis?

263 649 495 702 obsequium
529 650 679 688 uentris
710 647 807 687 mihi
838 647 1103 699 perniciosius
1133 651 1194 686 est
1224 647 1320 686 cur?

263 729 375 775 tergo
406 722 560 775 plector
590 723 709 761 enim.
771 722 838 772 qui
869 726 909 760 tu
939 721 1157 773 inpunitior
1187 720 1273 765 illa,
1616 725 1682 758 105

263 810 363 850 quae
394 809 520 849 paruo
550 797 654 836 sumi
685 800 908 846 nequeunt,
940 795 1106 835 obsonia
1139 795 1297 846 captas?

264 883 407 923 nempe
437 871 735 910 inamarescunt
765 869 904 922 epulae
935 870 1020 908 sine
1051 869 1127 908 fine
1157 869 1325 920 petitae,

263 944 463 996 inlusique
494 943 616 996 pedes
647 943 835 982 uitiosum
866 943 973 982 serre
1005 947 1193 981 recusant

263 1031 421 1070 corpus.
482 1031 532 1058 an
564 1017 628 1056 hic
658 1022 814 1069 peccat,
847 1016 921 1056 sub
954 1021 1110 1056 noctem
1142 1016 1211 1068 qui
1240 1027 1340 1068 puer
1370 1027 1487 1055 uuam

148 1203 271 1231 TESTI
278 1202 423 1230 MONIA.

263 1270 326 1301 107
352 1267 560 1302 Hildebert.
586 1266 711 1300 moral.
742 1266 876 1309 philos.
901 1266 968 1300 985
1108 1259 1299 1298 109-110
1323 1268 1395 1298 ‘an
1418 1285 1465 1293 -
1498 1264 1683 1308 strigili?²

148 1315 266 1349 Prisc.
292 1314 364 1348 vn
392 1314 450 1354 14,
478 1314 520 1346 το

148 1488 275 1515 VARIA
306 1486 475 1514 LECTIO.

262 1556 314 1592 99
347 1559 537 1591 mouentes
563 1554 600 1591 E
616 1566 641 1603 γ
661 1565 692 1599 φ
712 1564 728 1589 2
749 1557 784 1597 ψ
806 1564 910 1589 corr.
937 1547 977 1596 ς’
1007 1552 1188 1588 mouentis
1210 1562 1228 1586 ε
1250 1552 1287 1587 F
1305 1564 1392 1588 uar.
1417 1551 1443 1599 (l
1465 1550 1685 1603 1)-morien-

147 1618 204 1649 tes
235 1612 311 1648 F).
401 1611 482 1648 100
513 1607 568 1661 et]
601 1612 706 1648 omis.
738 1604 834 1646 Fz'
855 1607 894 1656 (v
916 1608 942 1656 1)
969 1621 995 1656 y
1026 1621 1107 1654 opp.
1130 1608 1200 1644 Ac.
1291 1606 1355 1641 eSi
1385 1607 1516 1653 inquid
1539 1609 1686 1654 pictura

147 1669 279 1703 fuerim
317 1668 490 1702 fortassis
529 1668 733 1701 delectatus
771 1670 808 1699 et
846 1677 965 1699 moras
1004 1666 1145 1709 fecero,
1185 1664 1306 1699 statim
1343 1664 1513 1699 dominus
1551 1669 1685 1699 stoma-

151 1762 303 1798 chatur'
336 1765 455 1801 schol.
487 1776 510 1812 γ
598 1763 685 1799 daus
716 1773 734 1798 ε
764 1762 878 1798 dauus
910 1757 1010 1798 cett!
1060 1771 1065 1773 ⁴
1100 1761 1177 1798 101
1211 1741 1334 1798 u&ere'
1365 1760 1404 1797 E
1501 1759 1636 1798 calidus
1666 1770 1685 1796 ε

266 1820 343 1858 102
376 1817 444 1870 nil]
479 1820 568 1854 nihil
587 1813 701 1867 Pphſs'
720 1814 879 1866 Porph!
895 1819 965 1854 Ac.
1054 1818 1085 1854 si
1114 1813 1247 1880 ducor]
1270 1817 1302 1850 si
1323 1817 1455 1851 ductor
1471 1829 1496 1865 y
1527 1817 1686 1851 seducor

148 1874 262 1925 Pplzs
372 1877 451 1914 103
483 1877 581 1913 cenis
611 1889 635 1926 y
663 1876 701 1924 (a
722 1888 746 1924 9
773 1882 806 1910 et
827 1873 866 1925 β)
897 1875 1016 1911 caenis
1049 1875 1086 1911 E
1104 1875 1141 1910 F
1157 1867 1198 1910 λ’
1210 1885 1226 1909 ε
1255 1874 1295 1920 (ν
1314 1882 1337 1909 σ
1357 1886 1379 1910 ν
1406 1881 1439 1909 ει
1459 1871 1599 1921 Fran.)

148 1963 361 2018 responsat]
396 1966 590 2016 respondat
612 1967 650 2003 E
734 1962 882 2016 opimis]
917 1966 1033 2014 opinis
1056 1975 1074 2000 ε
1160 1963 1240 2002 104
1271 1965 1492 2012 pernitiosus
1511 1977 1536 2014 γ
1564 1964 1685 2015 perni—

150 2026 283 2062 ciosius
306 2026 343 2061 Ε
361 2026 398 2061 F
417 2024 437 2059 λ
457 2024 496 2071 (ν
517 2037 540 2060 α
560 2036 584 2072 9
605 2037 626 2060 r
647 2030 679 2058 et
699 2021 739 2072 β)
770 2023 996 2071 perniciosus
1017 2033 1034 2057 ε
1054 2021 1092 2069 (σ
1113 2028 1146 2056 et
1166 2021 1306 2067 Fran.)
1331 2021 1523 2068 pnitiosus
1543 2023 1557 2058 l
1579 2018 1685 2066 ‘per-

149 2082 336 2116 contatiue
367 2081 662 2129 (pcontinuatiue
693 2079 741 2127 F)
771 2077 989 2123 legendum’
1021 2073 1181 2125 Porphs
1203 2078 1320 2115 schol.
1344 2078 1384 2114 F
1467 2077 1547 2116 105
1578 2083 1684 2121 tergo

152 2139 304 2184 plector.
344 2138 437 2172 enim
469 2137 531 2183 qui
563 2136 718 2174 Peerlk.
760 2135 865 2170 ‘nam
892 2147 964 2179 ego
996 2135 1153 2180 uapulo'
1187 2134 1278 2171 Aer.
1397 2136 1459 2183 qui
1487 2139 1529 2171 tu
1558 2134 1686 2171 EF2

154 2189 194 2239 ς’
225 2196 272 2242 (et
310 2207 406 2232 omn.
441 2195 548 2231 codd.
583 2192 714 2241 Cruq.)
745 2193 814 2229 Ac.
855 2191 919 2238 qui
956 2198 992 2227 tu
1024 2205 1046 2228 r
1084 2191 1168 2240 quid
1206 2196 1247 2227 tu
1283 2202 1307 2239 γ
1336 2190 1356 2226 λ
1384 2190 1438 2238 (α)
1476 2190 1562 2239 quid
1599 2189 1683 2238 (om.

151 2252 205 2299 tu)
236 2262 254 2287 ε
285 2252 346 2300 qui
378 2251 461 2287 dum
493 2251 530 2286 F
557 2261 568 2286 1
601 2249 626 2297 (l
659 2250 687 2297 1)
717 2249 838 2283 ‘unde
869 2253 908 2282 tu
942 2260 1014 2294 quo
1045 2247 1172 2282 modo'
1201 2249 1315 2313 yloss:
1348 2246 1388 2282 Γ
1485 2247 1685 2296 inpunitior

151 2310 189 2344 E
215 2305 258 2344 λ’
290 2308 336 2355 (et
366 2306 392 2357 β
421 2307 632 2352 inpunicior
661 2305 698 2354 9)
730 2307 799 2342 Ac.
839 2306 1051 2353 impunitior
1079 2317 1103 2354 y
1133 2305 1171 2340 F
1195 2315 1212 2339 ε
1245 2315 1268 2347 ς
1299 2304 1517 2350 impunicior
1550 2316 1573 2340 r

152 2364 444 2408 ‘interrogatiue
484 2364 551 2397 hoc
588 2367 703 2397 totum
734 2362 824 2396 dicit
863 2362 1050 2396 affirmans
1089 2362 1140 2395 ita
1169 2372 1252 2394 esse
1289 2364 1330 2394 ut
1359 2360 1470 2394 dicit'
1499 2361 1620 2397 schol.
1652 2359 1692 2395 Γ

147 2423 303 2457 imitatus
333 2427 382 2456 est
411 2421 573 2457 Persius
603 2419 649 2467 5,
684 2419 762 2457 129
794 2430 895 2468 sqq.:
935 2418 1025 2452 ‘sed
1060 2418 1092 2452 si
1130 2418 1232 2451 intus
1264 2421 1300 2451 et
1338 2418 1375 2451 in
1414 2417 1535 2451 iecore
1572 2427 1683 2461 aegro

149 2483 355 2512 nascuntur
394 2477 550 2521 domini,
590 2477 653 2522 qui
694 2481 733 2510 tu
762 2475 968 2521 inpunitior
1006 2475 1085 2509 exis
1116 2480 1227 2520 atque
1266 2474 1343 2519 hic,
1379 2485 1484 2519 quem
1521 2473 1567 2507 ad
1597 2473 1683 2507 stri-

151 2535 245 2579 giles
277 2534 417 2568 scutica
447 2538 484 2568 et
513 2537 631 2567 metus
662 2533 740 2577 egit
769 2530 919 2569 erilis?'
1007 2528 1085 2581 illa]
1118 2531 1191 2567 ulla
1223 2526 1261 2565 λ’
1359 2530 1438 2568 106
1470 2529 1546 2575 Que
1575 2542 1600 2580 y

149 2603 263 2640 paruo
294 2587 406 2641 sumi]
438 2593 571 2627 aruosfi
600 2591 637 2625 in
668 2601 685 2624 ε
785 2586 899 2639 sumi]
931 2589 1021 2625 svmi
1053 2589 1091 2625 E
1188 2586 1338 2624 obsonia
1368 2587 1407 2623 E
1423 2583 1518 2623 Fa!
1546 2581 1684 2636 (β’σρ

151 2647 184 2695 r)
215 2649 353 2696 ipsonia
384 2659 408 2696 γ
440 2646 595 2692 opsonia
624 2658 647 2681 ν
668 2659 692 2682 α
787 2658 823 2682 u.
860 2645 939 2683 107
972 2645 1069 2683 omis.
1103 2657 1128 2680 ν
1153 2656 1217 2691 pr.
1310 2643 1388 2681 107
1419 2644 1532 2692 petite
1563 2643 1602 2679 E

154 2705 231 2741 108
263 2704 375 2740 Inlusi
406 2705 444 2740 E
461 2705 499 2740 F
516 2699 583 2739 λέ
604 2702 640 2750 (ν
660 2709 693 2738 ει
712 2700 752 2751 β)
782 2702 883 2738 lllusi
912 2714 935 2750 γ
961 2701 998 2748 (σ
1020 2714 1043 2737 α
1063 2714 1088 2749 9
1107 2707 1141 2736 et
1159 2698 1300 2747 Fran.)
1332 2699 1470 2733 Inclusi
1502 2712 1526 2735 ν
1555 2698 1683 2732 lassati

149 2763 204 2794 uel
234 2760 353 2794 inflati
383 2763 440 2795 uel
461 2759 612 2806 collapsi
633 2759 788 2796 Peerlk.
820 2759 1053 2803 illuduntque
1077 2785 1085 2794 .
1110 2786 1118 2794 .
1144 2785 1152 2793 .
1185 2761 1221 2790 et
1246 2757 1344 2790 serre
1365 2758 1462 2793 idem
1550 2751 1680 2805 pedes]

150 2819 304 2860 ommes
402 2818 578 2853 uiciosuin
609 2827 626 2852 ε
715 2815 794 2853 109
827 2811 969 2864 peccat]
1001 2814 1169 2860 peccauit
1200 2813 1430 2850 Priscianus
1515 2808 1680 2861 noctem]

149 2878 257 2909 nocte
287 2884 305 2908 ε
335 2886 415 2920 opp.
447 2874 641 2910 Priscian.
